%YAML 1.1
%TAG !u! tag:unity3d.com,2011:
--- !u!29 &1
OcclusionCullingSettings:
  m_ObjectHideFlags: 0
  serializedVersion: 2
  m_OcclusionBakeSettings:
    smallestOccluder: 5
    smallestHole: 0.25
    backfaceThreshold: 100
  m_SceneGUID: 00000000000000000000000000000000
  m_OcclusionCullingData: {fileID: 0}
--- !u!104 &2
RenderSettings:
  m_ObjectHideFlags: 0
  serializedVersion: 8
  m_Fog: 0
  m_FogColor: {r: 0.5, g: 0.5, b: 0.5, a: 1}
  m_FogMode: 3
  m_FogDensity: 0.01
  m_LinearFogStart: 0
  m_LinearFogEnd: 300
  m_AmbientSkyColor: {r: 0.212, g: 0.227, b: 0.259, a: 1}
  m_AmbientEquatorColor: {r: 0.114, g: 0.125, b: 0.133, a: 1}
  m_AmbientGroundColor: {r: 0.047, g: 0.043, b: 0.035, a: 1}
  m_AmbientIntensity: 1
  m_AmbientMode: 0
  m_SubtractiveShadowColor: {r: 0.42, g: 0.478, b: 0.627, a: 1}
  m_SkyboxMaterial: {fileID: 10304, guid: 0000000000000000f000000000000000, type: 0}
  m_HaloStrength: 0.5
  m_FlareStrength: 1
  m_FlareFadeSpeed: 3
  m_HaloTexture: {fileID: 0}
  m_SpotCookie: {fileID: 10001, guid: 0000000000000000e000000000000000, type: 0}
  m_DefaultReflectionMode: 0
  m_DefaultReflectionResolution: 128
  m_ReflectionBounces: 1
  m_ReflectionIntensity: 1
  m_CustomReflection: {fileID: 0}
  m_Sun: {fileID: 0}
  m_IndirectSpecularColor: {r: 0.44657898, g: 0.4964133, b: 0.5748178, a: 1}
--- !u!157 &3
LightmapSettings:
  m_ObjectHideFlags: 0
  serializedVersion: 11
  m_GIWorkflowMode: 0
  m_GISettings:
    serializedVersion: 2
    m_BounceScale: 1
    m_IndirectOutputScale: 1
    m_AlbedoBoost: 1
    m_TemporalCoherenceThreshold: 1
    m_EnvironmentLightingMode: 0
    m_EnableBakedLightmaps: 1
    m_EnableRealtimeLightmaps: 1
  m_LightmapEditorSettings:
    serializedVersion: 9
    m_Resolution: 2
    m_BakeResolution: 40
    m_TextureWidth: 1024
    m_TextureHeight: 1024
    m_AO: 0
    m_AOMaxDistance: 1
    m_CompAOExponent: 1
    m_CompAOExponentDirect: 0
    m_Padding: 2
    m_LightmapParameters: {fileID: 0}
    m_LightmapsBakeMode: 1
    m_TextureCompression: 1
    m_FinalGather: 0
    m_FinalGatherFiltering: 1
    m_FinalGatherRayCount: 256
    m_ReflectionCompression: 2
    m_MixedBakeMode: 2
    m_BakeBackend: 0
    m_PVRSampling: 1
    m_PVRDirectSampleCount: 32
    m_PVRSampleCount: 500
    m_PVRBounces: 2
    m_PVRFilterTypeDirect: 0
    m_PVRFilterTypeIndirect: 0
    m_PVRFilterTypeAO: 0
    m_PVRFilteringMode: 1
    m_PVRCulling: 1
    m_PVRFilteringGaussRadiusDirect: 1
    m_PVRFilteringGaussRadiusIndirect: 5
    m_PVRFilteringGaussRadiusAO: 2
    m_PVRFilteringAtrousPositionSigmaDirect: 0.5
    m_PVRFilteringAtrousPositionSigmaIndirect: 2
    m_PVRFilteringAtrousPositionSigmaAO: 1
    m_ShowResolutionOverlay: 1
  m_LightingDataAsset: {fileID: 0}
  m_UseShadowmask: 1
--- !u!196 &4
NavMeshSettings:
  serializedVersion: 2
  m_ObjectHideFlags: 0
  m_BuildSettings:
    serializedVersion: 2
    agentTypeID: 0
    agentRadius: 0.5
    agentHeight: 2
    agentSlope: 45
    agentClimb: 0.4
    ledgeDropHeight: 0
    maxJumpAcrossDistance: 0
    minRegionArea: 2
    manualCellSize: 0
    cellSize: 0.16666667
    manualTileSize: 0
    tileSize: 256
    accuratePlacement: 0
    debug:
      m_Flags: 0
  m_NavMeshData: {fileID: 0}
--- !u!114 &378152164 stripped
MonoBehaviour:
  m_PrefabParentObject: {fileID: 114964477954198208, guid: 316b937beac40764f9862a793e1d0cbe,
    type: 2}
  m_PrefabInternal: {fileID: 903269531}
  m_Script: {fileID: 11500000, guid: 329b5099563517c43950b4d394714977, type: 3}
--- !u!1 &517939175
GameObject:
  m_ObjectHideFlags: 0
  m_PrefabParentObject: {fileID: 0}
  m_PrefabInternal: {fileID: 0}
  serializedVersion: 5
  m_Component:
  - component: {fileID: 517939176}
  - component: {fileID: 517939177}
  m_Layer: 0
  m_Name: MobSpawning
  m_TagString: Untagged
  m_Icon: {fileID: 0}
  m_NavMeshLayer: 0
  m_StaticEditorFlags: 0
  m_IsActive: 1
--- !u!4 &517939176
Transform:
  m_ObjectHideFlags: 0
  m_PrefabParentObject: {fileID: 0}
  m_PrefabInternal: {fileID: 0}
  m_GameObject: {fileID: 517939175}
  m_LocalRotation: {x: 0, y: 0, z: 0, w: 1}
  m_LocalPosition: {x: 0, y: 0, z: 0}
  m_LocalScale: {x: 1, y: 1, z: 1}
  m_Children: []
  m_Father: {fileID: 0}
  m_RootOrder: 7
  m_LocalEulerAnglesHint: {x: 0, y: 0, z: 0}
--- !u!114 &517939177
MonoBehaviour:
  m_ObjectHideFlags: 0
  m_PrefabParentObject: {fileID: 0}
  m_PrefabInternal: {fileID: 0}
  m_GameObject: {fileID: 517939175}
  m_Enabled: 1
  m_EditorHideFlags: 0
  m_Script: {fileID: 11500000, guid: 83460dca8e334fa4b9440ca1407e39e7, type: 3}
  m_Name: 
  m_EditorClassIdentifier: 
  enemyType:
  - _id: L
    _name: Line Banling
    _prefab: {fileID: 1417588370245702, guid: 668f97cf0ec64304287fdf65c8fce1cb, type: 2}
  - _id: V
    _name: V Banling
    _prefab: {fileID: 1500857658948184, guid: 72832233b67e5154bab20d044f40cc90, type: 2}
  - _id: O
    _name: Circle Banling
    _prefab: {fileID: 1808718141263494, guid: e2435539c404930429b8d3e555a37218, type: 2}
  - _id: Random
    _name: Random Banling
    _prefab: {fileID: 1808718141263494, guid: e2435539c404930429b8d3e555a37218, type: 2}
--- !u!1 &531477796
GameObject:
  m_ObjectHideFlags: 0
  m_PrefabParentObject: {fileID: 0}
  m_PrefabInternal: {fileID: 0}
  serializedVersion: 5
  m_Component:
  - component: {fileID: 531477797}
  m_Layer: 0
  m_Name: Sound
  m_TagString: Untagged
  m_Icon: {fileID: 0}
  m_NavMeshLayer: 0
  m_StaticEditorFlags: 0
  m_IsActive: 1
--- !u!4 &531477797
Transform:
  m_ObjectHideFlags: 0
  m_PrefabParentObject: {fileID: 0}
  m_PrefabInternal: {fileID: 0}
  m_GameObject: {fileID: 531477796}
  m_LocalRotation: {x: 0, y: 0, z: 0, w: 1}
  m_LocalPosition: {x: 0, y: 0, z: 0}
  m_LocalScale: {x: 1, y: 1, z: 1}
  m_Children:
  - {fileID: 1277874874}
  - {fileID: 1719010949}
  m_Father: {fileID: 1283107615}
  m_RootOrder: 0
  m_LocalEulerAnglesHint: {x: 0, y: 0, z: 0}
--- !u!1 &689888747
GameObject:
  m_ObjectHideFlags: 0
  m_PrefabParentObject: {fileID: 0}
  m_PrefabInternal: {fileID: 0}
  serializedVersion: 5
  m_Component:
  - component: {fileID: 689888748}
  - component: {fileID: 689888751}
  - component: {fileID: 689888750}
  - component: {fileID: 689888749}
  m_Layer: 0
  m_Name: Cube
  m_TagString: Untagged
  m_Icon: {fileID: 0}
  m_NavMeshLayer: 0
  m_StaticEditorFlags: 0
  m_IsActive: 1
--- !u!4 &689888748
Transform:
  m_ObjectHideFlags: 0
  m_PrefabParentObject: {fileID: 0}
  m_PrefabInternal: {fileID: 0}
  m_GameObject: {fileID: 689888747}
  m_LocalRotation: {x: 0, y: 0, z: 0, w: 1}
  m_LocalPosition: {x: 0, y: 0, z: -5.51}
  m_LocalScale: {x: 18, y: 4.088775, z: 1}
  m_Children: []
  m_Father: {fileID: 1287519477}
  m_RootOrder: 0
  m_LocalEulerAnglesHint: {x: 0, y: 0, z: 0}
--- !u!23 &689888749
MeshRenderer:
  m_ObjectHideFlags: 0
  m_PrefabParentObject: {fileID: 0}
  m_PrefabInternal: {fileID: 0}
  m_GameObject: {fileID: 689888747}
  m_Enabled: 1
  m_CastShadows: 1
  m_ReceiveShadows: 1
  m_DynamicOccludee: 1
  m_MotionVectors: 1
  m_LightProbeUsage: 1
  m_ReflectionProbeUsage: 1
  m_Materials:
  - {fileID: 2100000, guid: 2056922b8183b774d83b26743eb7fab3, type: 2}
  m_StaticBatchInfo:
    firstSubMesh: 0
    subMeshCount: 0
  m_StaticBatchRoot: {fileID: 0}
  m_ProbeAnchor: {fileID: 0}
  m_LightProbeVolumeOverride: {fileID: 0}
  m_ScaleInLightmap: 1
  m_PreserveUVs: 1
  m_IgnoreNormalsForChartDetection: 0
  m_ImportantGI: 0
  m_StitchLightmapSeams: 0
  m_SelectedEditorRenderState: 3
  m_MinimumChartSize: 4
  m_AutoUVMaxDistance: 0.5
  m_AutoUVMaxAngle: 89
  m_LightmapParameters: {fileID: 0}
  m_SortingLayerID: 0
  m_SortingLayer: 0
  m_SortingOrder: 0
--- !u!65 &689888750
BoxCollider:
  m_ObjectHideFlags: 0
  m_PrefabParentObject: {fileID: 0}
  m_PrefabInternal: {fileID: 0}
  m_GameObject: {fileID: 689888747}
  m_Material: {fileID: 0}
  m_IsTrigger: 0
  m_Enabled: 1
  serializedVersion: 2
  m_Size: {x: 1, y: 1, z: 1}
  m_Center: {x: 0, y: 0, z: 0}
--- !u!33 &689888751
MeshFilter:
  m_ObjectHideFlags: 0
  m_PrefabParentObject: {fileID: 0}
  m_PrefabInternal: {fileID: 0}
  m_GameObject: {fileID: 689888747}
  m_Mesh: {fileID: 10202, guid: 0000000000000000e000000000000000, type: 0}
--- !u!1 &718960537
GameObject:
  m_ObjectHideFlags: 0
  m_PrefabParentObject: {fileID: 0}
  m_PrefabInternal: {fileID: 0}
  serializedVersion: 5
  m_Component:
  - component: {fileID: 718960538}
  - component: {fileID: 718960540}
  - component: {fileID: 718960539}
  m_Layer: 5
  m_Name: RawImage
  m_TagString: Untagged
  m_Icon: {fileID: 0}
  m_NavMeshLayer: 0
  m_StaticEditorFlags: 0
  m_IsActive: 1
--- !u!224 &718960538
RectTransform:
  m_ObjectHideFlags: 0
  m_PrefabParentObject: {fileID: 0}
  m_PrefabInternal: {fileID: 0}
  m_GameObject: {fileID: 718960537}
  m_LocalRotation: {x: 0, y: 0, z: 0, w: 1}
  m_LocalPosition: {x: 0, y: 0, z: 0}
  m_LocalScale: {x: 1, y: 1, z: 1}
  m_Children: []
  m_Father: {fileID: 970926284}
  m_RootOrder: 0
  m_LocalEulerAnglesHint: {x: 0, y: 0, z: 0}
  m_AnchorMin: {x: 0.5, y: 0.5}
  m_AnchorMax: {x: 0.5, y: 0.5}
  m_AnchoredPosition: {x: 0, y: 0}
  m_SizeDelta: {x: 100, y: 100}
  m_Pivot: {x: 0.5, y: 0.5}
--- !u!114 &718960539
MonoBehaviour:
  m_ObjectHideFlags: 0
  m_PrefabParentObject: {fileID: 0}
  m_PrefabInternal: {fileID: 0}
  m_GameObject: {fileID: 718960537}
  m_Enabled: 1
  m_EditorHideFlags: 0
  m_Script: {fileID: -98529514, guid: f5f67c52d1564df4a8936ccd202a3bd8, type: 3}
  m_Name: 
  m_EditorClassIdentifier: 
  m_Material: {fileID: 0}
  m_Color: {r: 1, g: 1, b: 1, a: 1}
  m_RaycastTarget: 1
  m_OnCullStateChanged:
    m_PersistentCalls:
      m_Calls: []
    m_TypeName: UnityEngine.UI.MaskableGraphic+CullStateChangedEvent, UnityEngine.UI,
      Version=1.0.0.0, Culture=neutral, PublicKeyToken=null
  m_Texture: {fileID: 0}
  m_UVRect:
    serializedVersion: 2
    x: 0
    y: 0
    width: 1
    height: 1
--- !u!222 &718960540
CanvasRenderer:
  m_ObjectHideFlags: 0
  m_PrefabParentObject: {fileID: 0}
  m_PrefabInternal: {fileID: 0}
  m_GameObject: {fileID: 718960537}
--- !u!1 &736885243
GameObject:
  m_ObjectHideFlags: 0
  m_PrefabParentObject: {fileID: 0}
  m_PrefabInternal: {fileID: 0}
  serializedVersion: 5
  m_Component:
  - component: {fileID: 736885244}
  - component: {fileID: 736885247}
  - component: {fileID: 736885246}
  - component: {fileID: 736885245}
  m_Layer: 0
  m_Name: Cube (1)
  m_TagString: Untagged
  m_Icon: {fileID: 0}
  m_NavMeshLayer: 0
  m_StaticEditorFlags: 0
  m_IsActive: 1
--- !u!4 &736885244
Transform:
  m_ObjectHideFlags: 0
  m_PrefabParentObject: {fileID: 0}
  m_PrefabInternal: {fileID: 0}
  m_GameObject: {fileID: 736885243}
  m_LocalRotation: {x: -0, y: -0, z: -0, w: 1}
  m_LocalPosition: {x: 0, y: 0, z: 5.43}
  m_LocalScale: {x: 18, y: 4.088775, z: 1}
  m_Children: []
  m_Father: {fileID: 1287519477}
  m_RootOrder: 1
  m_LocalEulerAnglesHint: {x: 0, y: 0, z: 0}
--- !u!23 &736885245
MeshRenderer:
  m_ObjectHideFlags: 0
  m_PrefabParentObject: {fileID: 0}
  m_PrefabInternal: {fileID: 0}
  m_GameObject: {fileID: 736885243}
  m_Enabled: 1
  m_CastShadows: 1
  m_ReceiveShadows: 1
  m_DynamicOccludee: 1
  m_MotionVectors: 1
  m_LightProbeUsage: 1
  m_ReflectionProbeUsage: 1
  m_Materials:
  - {fileID: 2100000, guid: 2056922b8183b774d83b26743eb7fab3, type: 2}
  m_StaticBatchInfo:
    firstSubMesh: 0
    subMeshCount: 0
  m_StaticBatchRoot: {fileID: 0}
  m_ProbeAnchor: {fileID: 0}
  m_LightProbeVolumeOverride: {fileID: 0}
  m_ScaleInLightmap: 1
  m_PreserveUVs: 1
  m_IgnoreNormalsForChartDetection: 0
  m_ImportantGI: 0
  m_StitchLightmapSeams: 0
  m_SelectedEditorRenderState: 3
  m_MinimumChartSize: 4
  m_AutoUVMaxDistance: 0.5
  m_AutoUVMaxAngle: 89
  m_LightmapParameters: {fileID: 0}
  m_SortingLayerID: 0
  m_SortingLayer: 0
  m_SortingOrder: 0
--- !u!65 &736885246
BoxCollider:
  m_ObjectHideFlags: 0
  m_PrefabParentObject: {fileID: 0}
  m_PrefabInternal: {fileID: 0}
  m_GameObject: {fileID: 736885243}
  m_Material: {fileID: 0}
  m_IsTrigger: 0
  m_Enabled: 1
  serializedVersion: 2
  m_Size: {x: 1, y: 1, z: 1}
  m_Center: {x: 0, y: 0, z: 0}
--- !u!33 &736885247
MeshFilter:
  m_ObjectHideFlags: 0
  m_PrefabParentObject: {fileID: 0}
  m_PrefabInternal: {fileID: 0}
  m_GameObject: {fileID: 736885243}
  m_Mesh: {fileID: 10202, guid: 0000000000000000e000000000000000, type: 0}
--- !u!1 &898416850
GameObject:
  m_ObjectHideFlags: 0
  m_PrefabParentObject: {fileID: 0}
  m_PrefabInternal: {fileID: 0}
  serializedVersion: 5
  m_Component:
  - component: {fileID: 898416851}
  - component: {fileID: 898416853}
  - component: {fileID: 898416852}
  m_Layer: 5
  m_Name: Panel_WinForBlack
  m_TagString: Untagged
  m_Icon: {fileID: 0}
  m_NavMeshLayer: 0
  m_StaticEditorFlags: 0
  m_IsActive: 0
--- !u!224 &898416851
RectTransform:
  m_ObjectHideFlags: 0
  m_PrefabParentObject: {fileID: 0}
  m_PrefabInternal: {fileID: 0}
  m_GameObject: {fileID: 898416850}
  m_LocalRotation: {x: 0, y: 0, z: 0, w: 1}
  m_LocalPosition: {x: 0, y: 0, z: 0}
  m_LocalScale: {x: 1, y: 1, z: 1}
  m_Children: []
  m_Father: {fileID: 1872662829}
  m_RootOrder: 0
  m_LocalEulerAnglesHint: {x: 0, y: 0, z: 0}
  m_AnchorMin: {x: 0, y: 0}
  m_AnchorMax: {x: 1, y: 1}
  m_AnchoredPosition: {x: 0, y: 0}
  m_SizeDelta: {x: 0, y: 0}
  m_Pivot: {x: 0.5, y: 0.5}
--- !u!114 &898416852
MonoBehaviour:
  m_ObjectHideFlags: 0
  m_PrefabParentObject: {fileID: 0}
  m_PrefabInternal: {fileID: 0}
  m_GameObject: {fileID: 898416850}
  m_Enabled: 1
  m_EditorHideFlags: 0
  m_Script: {fileID: -765806418, guid: f70555f144d8491a825f0804e09c671c, type: 3}
  m_Name: 
  m_EditorClassIdentifier: 
  m_Material: {fileID: 0}
  m_Color: {r: 1, g: 1, b: 1, a: 1}
  m_RaycastTarget: 1
  m_OnCullStateChanged:
    m_PersistentCalls:
      m_Calls: []
    m_TypeName: UnityEngine.UI.MaskableGraphic+CullStateChangedEvent, UnityEngine.UI,
      Version=1.0.0.0, Culture=neutral, PublicKeyToken=null
  m_Sprite: {fileID: 21300000, guid: 605b619ba507eea449ccc866840cb0f4, type: 3}
  m_Type: 0
  m_PreserveAspect: 0
  m_FillCenter: 1
  m_FillMethod: 4
  m_FillAmount: 1
  m_FillClockwise: 1
  m_FillOrigin: 0
--- !u!222 &898416853
CanvasRenderer:
  m_ObjectHideFlags: 0
  m_PrefabParentObject: {fileID: 0}
  m_PrefabInternal: {fileID: 0}
  m_GameObject: {fileID: 898416850}
--- !u!1001 &903269531
Prefab:
  m_ObjectHideFlags: 0
  serializedVersion: 2
  m_Modification:
    m_TransformParent: {fileID: 0}
    m_Modifications:
    - target: {fileID: 4896812468529018, guid: 316b937beac40764f9862a793e1d0cbe, type: 2}
      propertyPath: m_LocalPosition.x
      value: 7.14
      objectReference: {fileID: 0}
    - target: {fileID: 4896812468529018, guid: 316b937beac40764f9862a793e1d0cbe, type: 2}
      propertyPath: m_LocalPosition.y
      value: 1.16
      objectReference: {fileID: 0}
    - target: {fileID: 4896812468529018, guid: 316b937beac40764f9862a793e1d0cbe, type: 2}
      propertyPath: m_LocalPosition.z
      value: -0.74150133
      objectReference: {fileID: 0}
    - target: {fileID: 4896812468529018, guid: 316b937beac40764f9862a793e1d0cbe, type: 2}
      propertyPath: m_LocalRotation.x
      value: 0
      objectReference: {fileID: 0}
    - target: {fileID: 4896812468529018, guid: 316b937beac40764f9862a793e1d0cbe, type: 2}
      propertyPath: m_LocalRotation.y
      value: 0
      objectReference: {fileID: 0}
    - target: {fileID: 4896812468529018, guid: 316b937beac40764f9862a793e1d0cbe, type: 2}
      propertyPath: m_LocalRotation.z
      value: 0
      objectReference: {fileID: 0}
    - target: {fileID: 4896812468529018, guid: 316b937beac40764f9862a793e1d0cbe, type: 2}
      propertyPath: m_LocalRotation.w
      value: 1
      objectReference: {fileID: 0}
    - target: {fileID: 4896812468529018, guid: 316b937beac40764f9862a793e1d0cbe, type: 2}
      propertyPath: m_RootOrder
      value: 12
      objectReference: {fileID: 0}
    - target: {fileID: 1029173678196118, guid: 316b937beac40764f9862a793e1d0cbe, type: 2}
      propertyPath: m_Name
      value: PlayerRootWhite
      objectReference: {fileID: 0}
    - target: {fileID: 114964477954198208, guid: 316b937beac40764f9862a793e1d0cbe,
        type: 2}
      propertyPath: _playerIndex
      value: 1
      objectReference: {fileID: 0}
    - target: {fileID: 114964477954198208, guid: 316b937beac40764f9862a793e1d0cbe,
        type: 2}
      propertyPath: _team
      value: 1
      objectReference: {fileID: 0}
    - target: {fileID: 114350606718248726, guid: 316b937beac40764f9862a793e1d0cbe,
        type: 2}
      propertyPath: _playerIndex
      value: 1
      objectReference: {fileID: 0}
    - target: {fileID: 114964477954198208, guid: 316b937beac40764f9862a793e1d0cbe,
        type: 2}
      propertyPath: _cooldownFiring
      value: 0.5
      objectReference: {fileID: 0}
    - target: {fileID: 114964477954198208, guid: 316b937beac40764f9862a793e1d0cbe,
        type: 2}
      propertyPath: _forceSpeed
      value: 5
      objectReference: {fileID: 0}
    - target: {fileID: 114964477954198208, guid: 316b937beac40764f9862a793e1d0cbe,
        type: 2}
      propertyPath: _forceModeUsed
      value: 1
      objectReference: {fileID: 0}
    m_RemovedComponents: []
  m_ParentPrefab: {fileID: 100100000, guid: 316b937beac40764f9862a793e1d0cbe, type: 2}
  m_IsPrefabParent: 0
--- !u!1 &956477292
GameObject:
  m_ObjectHideFlags: 0
  m_PrefabParentObject: {fileID: 0}
  m_PrefabInternal: {fileID: 0}
  serializedVersion: 5
  m_Component:
  - component: {fileID: 956477293}
  - component: {fileID: 956477296}
  - component: {fileID: 956477295}
  - component: {fileID: 956477294}
  m_Layer: 9
  m_Name: Cube
  m_TagString: Untagged
  m_Icon: {fileID: 0}
  m_NavMeshLayer: 0
  m_StaticEditorFlags: 0
  m_IsActive: 1
--- !u!4 &956477293
Transform:
  m_ObjectHideFlags: 0
  m_PrefabParentObject: {fileID: 0}
  m_PrefabInternal: {fileID: 0}
  m_GameObject: {fileID: 956477292}
  m_LocalRotation: {x: 0, y: 0, z: 0, w: 1}
  m_LocalPosition: {x: 0, y: 0, z: 0}
  m_LocalScale: {x: 17.777779, y: 0.01, z: 10}
  m_Children: []
  m_Father: {fileID: 1118443606}
  m_RootOrder: 0
  m_LocalEulerAnglesHint: {x: 0, y: 0, z: 0}
--- !u!23 &956477294
MeshRenderer:
  m_ObjectHideFlags: 0
  m_PrefabParentObject: {fileID: 0}
  m_PrefabInternal: {fileID: 0}
  m_GameObject: {fileID: 956477292}
  m_Enabled: 1
  m_CastShadows: 0
  m_ReceiveShadows: 0
  m_DynamicOccludee: 1
  m_MotionVectors: 1
  m_LightProbeUsage: 0
  m_ReflectionProbeUsage: 0
  m_Materials:
  - {fileID: 2100000, guid: 2056922b8183b774d83b26743eb7fab3, type: 2}
  m_StaticBatchInfo:
    firstSubMesh: 0
    subMeshCount: 0
  m_StaticBatchRoot: {fileID: 0}
  m_ProbeAnchor: {fileID: 0}
  m_LightProbeVolumeOverride: {fileID: 0}
  m_ScaleInLightmap: 1
  m_PreserveUVs: 1
  m_IgnoreNormalsForChartDetection: 0
  m_ImportantGI: 0
  m_StitchLightmapSeams: 0
  m_SelectedEditorRenderState: 3
  m_MinimumChartSize: 4
  m_AutoUVMaxDistance: 0.5
  m_AutoUVMaxAngle: 89
  m_LightmapParameters: {fileID: 0}
  m_SortingLayerID: 0
  m_SortingLayer: 0
  m_SortingOrder: 0
--- !u!65 &956477295
BoxCollider:
  m_ObjectHideFlags: 0
  m_PrefabParentObject: {fileID: 0}
  m_PrefabInternal: {fileID: 0}
  m_GameObject: {fileID: 956477292}
  m_Material: {fileID: 0}
  m_IsTrigger: 0
  m_Enabled: 1
  serializedVersion: 2
  m_Size: {x: 1, y: 1, z: 1}
  m_Center: {x: 0, y: 0, z: 0}
--- !u!33 &956477296
MeshFilter:
  m_ObjectHideFlags: 0
  m_PrefabParentObject: {fileID: 0}
  m_PrefabInternal: {fileID: 0}
  m_GameObject: {fileID: 956477292}
  m_Mesh: {fileID: 10202, guid: 0000000000000000e000000000000000, type: 0}
--- !u!1 &970926280
GameObject:
  m_ObjectHideFlags: 0
  m_PrefabParentObject: {fileID: 0}
  m_PrefabInternal: {fileID: 0}
  serializedVersion: 5
  m_Component:
  - component: {fileID: 970926284}
  - component: {fileID: 970926283}
  - component: {fileID: 970926282}
  - component: {fileID: 970926281}
  m_Layer: 5
  m_Name: Canvas
  m_TagString: Untagged
  m_Icon: {fileID: 0}
  m_NavMeshLayer: 0
  m_StaticEditorFlags: 0
  m_IsActive: 0
--- !u!114 &970926281
MonoBehaviour:
  m_ObjectHideFlags: 0
  m_PrefabParentObject: {fileID: 0}
  m_PrefabInternal: {fileID: 0}
  m_GameObject: {fileID: 970926280}
  m_Enabled: 1
  m_EditorHideFlags: 0
  m_Script: {fileID: 1301386320, guid: f5f67c52d1564df4a8936ccd202a3bd8, type: 3}
  m_Name: 
  m_EditorClassIdentifier: 
  m_IgnoreReversedGraphics: 1
  m_BlockingObjects: 0
  m_BlockingMask:
    serializedVersion: 2
    m_Bits: 4294967295
--- !u!114 &970926282
MonoBehaviour:
  m_ObjectHideFlags: 0
  m_PrefabParentObject: {fileID: 0}
  m_PrefabInternal: {fileID: 0}
  m_GameObject: {fileID: 970926280}
  m_Enabled: 1
  m_EditorHideFlags: 0
  m_Script: {fileID: 1980459831, guid: f5f67c52d1564df4a8936ccd202a3bd8, type: 3}
  m_Name: 
  m_EditorClassIdentifier: 
  m_UiScaleMode: 0
  m_ReferencePixelsPerUnit: 100
  m_ScaleFactor: 1
  m_ReferenceResolution: {x: 800, y: 600}
  m_ScreenMatchMode: 0
  m_MatchWidthOrHeight: 0
  m_PhysicalUnit: 3
  m_FallbackScreenDPI: 96
  m_DefaultSpriteDPI: 96
  m_DynamicPixelsPerUnit: 1
--- !u!223 &970926283
Canvas:
  m_ObjectHideFlags: 0
  m_PrefabParentObject: {fileID: 0}
  m_PrefabInternal: {fileID: 0}
  m_GameObject: {fileID: 970926280}
  m_Enabled: 1
  serializedVersion: 3
  m_RenderMode: 0
  m_Camera: {fileID: 0}
  m_PlaneDistance: 100
  m_PixelPerfect: 0
  m_ReceivesEvents: 1
  m_OverrideSorting: 0
  m_OverridePixelPerfect: 0
  m_SortingBucketNormalizedSize: 0
  m_AdditionalShaderChannelsFlag: 0
  m_SortingLayerID: 0
  m_SortingOrder: 0
  m_TargetDisplay: 0
--- !u!224 &970926284
RectTransform:
  m_ObjectHideFlags: 0
  m_PrefabParentObject: {fileID: 0}
  m_PrefabInternal: {fileID: 0}
  m_GameObject: {fileID: 970926280}
  m_LocalRotation: {x: 0, y: 0, z: 0, w: 1}
  m_LocalPosition: {x: 0, y: 0, z: 0}
  m_LocalScale: {x: 0, y: 0, z: 0}
  m_Children:
  - {fileID: 718960538}
  m_Father: {fileID: 0}
  m_RootOrder: 5
  m_LocalEulerAnglesHint: {x: 0, y: 0, z: 0}
  m_AnchorMin: {x: 0, y: 0}
  m_AnchorMax: {x: 0, y: 0}
  m_AnchoredPosition: {x: 0, y: 0}
  m_SizeDelta: {x: 0, y: 0}
  m_Pivot: {x: 0, y: 0}
--- !u!1 &978745395
GameObject:
  m_ObjectHideFlags: 0
  m_PrefabParentObject: {fileID: 0}
  m_PrefabInternal: {fileID: 0}
  serializedVersion: 5
  m_Component:
  - component: {fileID: 978745396}
  - component: {fileID: 978745397}
  m_Layer: 0
  m_Name: TimeManager
  m_TagString: Untagged
  m_Icon: {fileID: 0}
  m_NavMeshLayer: 0
  m_StaticEditorFlags: 0
  m_IsActive: 1
--- !u!4 &978745396
Transform:
  m_ObjectHideFlags: 0
  m_PrefabParentObject: {fileID: 0}
  m_PrefabInternal: {fileID: 0}
  m_GameObject: {fileID: 978745395}
  m_LocalRotation: {x: 0, y: 0, z: 0, w: 1}
  m_LocalPosition: {x: 0, y: 0, z: 0}
  m_LocalScale: {x: 1, y: 1, z: 1}
  m_Children: []
  m_Father: {fileID: 1306138109}
  m_RootOrder: 1
  m_LocalEulerAnglesHint: {x: 0, y: 0, z: 0}
--- !u!114 &978745397
MonoBehaviour:
  m_ObjectHideFlags: 0
  m_PrefabParentObject: {fileID: 0}
  m_PrefabInternal: {fileID: 0}
  m_GameObject: {fileID: 978745395}
  m_Enabled: 1
  m_EditorHideFlags: 0
  m_Script: {fileID: 11500000, guid: 2483f07ac662fc04b945858ae0dcd23e, type: 3}
  m_Name: 
  m_EditorClassIdentifier: 
  _pause: 0
--- !u!1 &1040108688
GameObject:
  m_ObjectHideFlags: 0
  m_PrefabParentObject: {fileID: 0}
  m_PrefabInternal: {fileID: 0}
  serializedVersion: 5
  m_Component:
  - component: {fileID: 1040108689}
  - component: {fileID: 1040108690}
  m_Layer: 0
  m_Name: Screencapture
  m_TagString: Untagged
  m_Icon: {fileID: 0}
  m_NavMeshLayer: 0
  m_StaticEditorFlags: 0
  m_IsActive: 1
--- !u!4 &1040108689
Transform:
  m_ObjectHideFlags: 0
  m_PrefabParentObject: {fileID: 0}
  m_PrefabInternal: {fileID: 0}
  m_GameObject: {fileID: 1040108688}
  m_LocalRotation: {x: 0, y: 0, z: 0, w: 1}
  m_LocalPosition: {x: 0, y: 0, z: 0}
  m_LocalScale: {x: 1, y: 1, z: 1}
  m_Children: []
  m_Father: {fileID: 1306138109}
  m_RootOrder: 0
  m_LocalEulerAnglesHint: {x: 0, y: 0, z: 0}
--- !u!114 &1040108690
MonoBehaviour:
  m_ObjectHideFlags: 0
  m_PrefabParentObject: {fileID: 0}
  m_PrefabInternal: {fileID: 0}
  m_GameObject: {fileID: 1040108688}
  m_Enabled: 1
  m_EditorHideFlags: 0
  m_Script: {fileID: 11500000, guid: 7d973eb893ef2904d81b8e45cc0acfa3, type: 3}
  m_Name: 
  m_EditorClassIdentifier: 
--- !u!1 &1051062106
GameObject:
  m_ObjectHideFlags: 0
  m_PrefabParentObject: {fileID: 0}
  m_PrefabInternal: {fileID: 0}
  serializedVersion: 5
  m_Component:
  - component: {fileID: 1051062111}
  - component: {fileID: 1051062110}
  - component: {fileID: 1051062109}
  - component: {fileID: 1051062108}
  - component: {fileID: 1051062107}
  - component: {fileID: 1051062112}
  m_Layer: 0
  m_Name: Main Camera
  m_TagString: MainCamera
  m_Icon: {fileID: 0}
  m_NavMeshLayer: 0
  m_StaticEditorFlags: 0
  m_IsActive: 1
--- !u!81 &1051062107
AudioListener:
  m_ObjectHideFlags: 0
  m_PrefabParentObject: {fileID: 0}
  m_PrefabInternal: {fileID: 0}
  m_GameObject: {fileID: 1051062106}
  m_Enabled: 1
--- !u!124 &1051062108
Behaviour:
  m_ObjectHideFlags: 0
  m_PrefabParentObject: {fileID: 0}
  m_PrefabInternal: {fileID: 0}
  m_GameObject: {fileID: 1051062106}
  m_Enabled: 1
--- !u!92 &1051062109
Behaviour:
  m_ObjectHideFlags: 0
  m_PrefabParentObject: {fileID: 0}
  m_PrefabInternal: {fileID: 0}
  m_GameObject: {fileID: 1051062106}
  m_Enabled: 1
--- !u!20 &1051062110
Camera:
  m_ObjectHideFlags: 0
  m_PrefabParentObject: {fileID: 0}
  m_PrefabInternal: {fileID: 0}
  m_GameObject: {fileID: 1051062106}
  m_Enabled: 1
  serializedVersion: 2
  m_ClearFlags: 2
  m_BackGroundColor: {r: 0, g: 0, b: 0, a: 0}
  m_NormalizedViewPortRect:
    serializedVersion: 2
    x: 0
    y: 0
    width: 1
    height: 1
  near clip plane: 0.3
  far clip plane: 1000
  field of view: 60
  orthographic: 1
  orthographic size: 5
  m_Depth: -1
  m_CullingMask:
    serializedVersion: 2
    m_Bits: 4294967039
  m_RenderingPath: -1
  m_TargetTexture: {fileID: 0}
  m_TargetDisplay: 0
  m_TargetEye: 3
  m_HDR: 1
  m_AllowMSAA: 1
  m_AllowDynamicResolution: 0
  m_ForceIntoRT: 0
  m_OcclusionCulling: 1
  m_StereoConvergence: 10
  m_StereoSeparation: 0.022
--- !u!4 &1051062111
Transform:
  m_ObjectHideFlags: 0
  m_PrefabParentObject: {fileID: 0}
  m_PrefabInternal: {fileID: 0}
  m_GameObject: {fileID: 1051062106}
  m_LocalRotation: {x: 0.7071068, y: 0, z: 0, w: 0.7071068}
  m_LocalPosition: {x: 0, y: 11.66, z: 0}
  m_LocalScale: {x: 1, y: 1, z: 1}
  m_Children:
  - {fileID: 1831563239}
  m_Father: {fileID: 0}
  m_RootOrder: 4
  m_LocalEulerAnglesHint: {x: 90, y: 0, z: 0}
--- !u!114 &1051062112
MonoBehaviour:
  m_ObjectHideFlags: 0
  m_PrefabParentObject: {fileID: 0}
  m_PrefabInternal: {fileID: 0}
  m_GameObject: {fileID: 1051062106}
  m_Enabled: 1
  m_EditorHideFlags: 0
  m_Script: {fileID: 11500000, guid: 92fa1312bfe418f48aef9f527ae6a9e6, type: 3}
  m_Name: 
  m_EditorClassIdentifier: 
  renderShader: {fileID: 4800000, guid: cbe5502eac6913946850586bd5920d1b, type: 3}
  cshader: {fileID: 7200000, guid: 6a02397c773b6554c850c2d7ccffd3a2, type: 3}
  startTexture:
  - {fileID: 2800000, guid: 1156cc38dfe28134d8186546a1065238, type: 3}
  - {fileID: 2800000, guid: b618a9d36d6db1746bd63667b2960a37, type: 3}
  - {fileID: 2800000, guid: 038b3da1c98a4314f897e824c74a14e0, type: 3}
  - {fileID: 2800000, guid: 184a37d65354e8e4da48c365317f2640, type: 3}
  width: 1024
  height: 576
  blurSpeed: 5
  bloodDisapearspeed: 0.2
  imageoutput: {fileID: 718960539}
  bloodCamera: {fileID: 1831563243}
  captureScreenAtEachExplosion: 1
  textureBuffer: {fileID: 0}
  NumSwitchPropagateBuffer: 0
--- !u!1 &1118443604
GameObject:
  m_ObjectHideFlags: 0
  m_PrefabParentObject: {fileID: 0}
  m_PrefabInternal: {fileID: 0}
  serializedVersion: 5
  m_Component:
  - component: {fileID: 1118443606}
  - component: {fileID: 1118443605}
  m_Layer: 0
  m_Name: New Sprite
  m_TagString: Untagged
  m_Icon: {fileID: 0}
  m_NavMeshLayer: 0
  m_StaticEditorFlags: 0
  m_IsActive: 1
--- !u!212 &1118443605
SpriteRenderer:
  m_ObjectHideFlags: 0
  m_PrefabParentObject: {fileID: 0}
  m_PrefabInternal: {fileID: 0}
  m_GameObject: {fileID: 1118443604}
  m_Enabled: 1
  m_CastShadows: 0
  m_ReceiveShadows: 0
  m_DynamicOccludee: 1
  m_MotionVectors: 1
  m_LightProbeUsage: 1
  m_ReflectionProbeUsage: 1
  m_Materials:
  - {fileID: 10754, guid: 0000000000000000f000000000000000, type: 0}
  m_StaticBatchInfo:
    firstSubMesh: 0
    subMeshCount: 0
  m_StaticBatchRoot: {fileID: 0}
  m_ProbeAnchor: {fileID: 0}
  m_LightProbeVolumeOverride: {fileID: 0}
  m_ScaleInLightmap: 1
  m_PreserveUVs: 0
  m_IgnoreNormalsForChartDetection: 0
  m_ImportantGI: 0
  m_StitchLightmapSeams: 0
  m_SelectedEditorRenderState: 0
  m_MinimumChartSize: 4
  m_AutoUVMaxDistance: 0.5
  m_AutoUVMaxAngle: 89
  m_LightmapParameters: {fileID: 0}
  m_SortingLayerID: 0
  m_SortingLayer: 0
  m_SortingOrder: 0
  m_Sprite: {fileID: 0}
  m_Color: {r: 1, g: 1, b: 1, a: 1}
  m_FlipX: 0
  m_FlipY: 0
  m_DrawMode: 0
  m_Size: {x: 1, y: 1}
  m_AdaptiveModeThreshold: 0.5
  m_SpriteTileMode: 0
  m_WasSpriteAssigned: 0
  m_MaskInteraction: 0
--- !u!4 &1118443606
Transform:
  m_ObjectHideFlags: 0
  m_PrefabParentObject: {fileID: 0}
  m_PrefabInternal: {fileID: 0}
  m_GameObject: {fileID: 1118443604}
  m_LocalRotation: {x: 0, y: 0, z: 0, w: 1}
  m_LocalPosition: {x: 0, y: 0, z: 0}
  m_LocalScale: {x: 1, y: 1, z: 1}
  m_Children:
  - {fileID: 956477293}
  m_Father: {fileID: 0}
  m_RootOrder: 8
  m_LocalEulerAnglesHint: {x: 0, y: 0, z: 0}
--- !u!1 &1133208985
GameObject:
  m_ObjectHideFlags: 0
  m_PrefabParentObject: {fileID: 0}
  m_PrefabInternal: {fileID: 0}
  serializedVersion: 5
  m_Component:
  - component: {fileID: 1133208986}
  - component: {fileID: 1133208988}
  - component: {fileID: 1133208987}
  m_Layer: 5
  m_Name: Panel_WinForWhite
  m_TagString: Untagged
  m_Icon: {fileID: 0}
  m_NavMeshLayer: 0
  m_StaticEditorFlags: 0
  m_IsActive: 0
--- !u!224 &1133208986
RectTransform:
  m_ObjectHideFlags: 0
  m_PrefabParentObject: {fileID: 0}
  m_PrefabInternal: {fileID: 0}
  m_GameObject: {fileID: 1133208985}
  m_LocalRotation: {x: -0, y: -0, z: -0, w: 1}
  m_LocalPosition: {x: 0, y: 0, z: 0}
  m_LocalScale: {x: 1, y: 1, z: 1}
  m_Children: []
  m_Father: {fileID: 1872662829}
  m_RootOrder: 1
  m_LocalEulerAnglesHint: {x: 0, y: 0, z: 0}
  m_AnchorMin: {x: 0, y: 0}
  m_AnchorMax: {x: 1, y: 1}
  m_AnchoredPosition: {x: 0, y: 0}
  m_SizeDelta: {x: 0, y: 0}
  m_Pivot: {x: 0.5, y: 0.5}
--- !u!114 &1133208987
MonoBehaviour:
  m_ObjectHideFlags: 0
  m_PrefabParentObject: {fileID: 0}
  m_PrefabInternal: {fileID: 0}
  m_GameObject: {fileID: 1133208985}
  m_Enabled: 1
  m_EditorHideFlags: 0
  m_Script: {fileID: -765806418, guid: f70555f144d8491a825f0804e09c671c, type: 3}
  m_Name: 
  m_EditorClassIdentifier: 
  m_Material: {fileID: 0}
  m_Color: {r: 1, g: 1, b: 1, a: 1}
  m_RaycastTarget: 1
  m_OnCullStateChanged:
    m_PersistentCalls:
      m_Calls: []
    m_TypeName: UnityEngine.UI.MaskableGraphic+CullStateChangedEvent, UnityEngine.UI,
      Version=1.0.0.0, Culture=neutral, PublicKeyToken=null
  m_Sprite: {fileID: 21300000, guid: a3042868c52aea54a8ae5784100a80e0, type: 3}
  m_Type: 0
  m_PreserveAspect: 0
  m_FillCenter: 1
  m_FillMethod: 4
  m_FillAmount: 1
  m_FillClockwise: 1
  m_FillOrigin: 0
--- !u!222 &1133208988
CanvasRenderer:
  m_ObjectHideFlags: 0
  m_PrefabParentObject: {fileID: 0}
  m_PrefabInternal: {fileID: 0}
  m_GameObject: {fileID: 1133208985}
--- !u!1 &1277874873
GameObject:
  m_ObjectHideFlags: 0
  m_PrefabParentObject: {fileID: 0}
  m_PrefabInternal: {fileID: 0}
  serializedVersion: 5
  m_Component:
  - component: {fileID: 1277874874}
  - component: {fileID: 1277874875}
  m_Layer: 0
  m_Name: StartSound
  m_TagString: Untagged
  m_Icon: {fileID: 0}
  m_NavMeshLayer: 0
  m_StaticEditorFlags: 0
  m_IsActive: 1
--- !u!4 &1277874874
Transform:
  m_ObjectHideFlags: 0
  m_PrefabParentObject: {fileID: 0}
  m_PrefabInternal: {fileID: 0}
  m_GameObject: {fileID: 1277874873}
  m_LocalRotation: {x: 0, y: 0, z: 0, w: 1}
  m_LocalPosition: {x: 0, y: 0, z: 0}
  m_LocalScale: {x: 1, y: 1, z: 1}
  m_Children: []
  m_Father: {fileID: 531477797}
  m_RootOrder: 0
  m_LocalEulerAnglesHint: {x: 0, y: 0, z: 0}
--- !u!82 &1277874875
AudioSource:
  m_ObjectHideFlags: 0
  m_PrefabParentObject: {fileID: 0}
  m_PrefabInternal: {fileID: 0}
  m_GameObject: {fileID: 1277874873}
  m_Enabled: 1
  serializedVersion: 4
  OutputAudioMixerGroup: {fileID: 0}
  m_audioClip: {fileID: 0}
  m_PlayOnAwake: 0
  m_Volume: 1
  m_Pitch: 1
  Loop: 0
  Mute: 0
  Spatialize: 0
  SpatializePostEffects: 0
  Priority: 128
  DopplerLevel: 1
  MinDistance: 1
  MaxDistance: 500
  Pan2D: 0
  rolloffMode: 0
  BypassEffects: 0
  BypassListenerEffects: 0
  BypassReverbZones: 0
  rolloffCustomCurve:
    serializedVersion: 2
    m_Curve:
    - serializedVersion: 2
      time: 0
      value: 1
      inSlope: 0
      outSlope: 0
      tangentMode: 0
    - serializedVersion: 2
      time: 1
      value: 0
      inSlope: 0
      outSlope: 0
      tangentMode: 0
    m_PreInfinity: 2
    m_PostInfinity: 2
    m_RotationOrder: 4
  panLevelCustomCurve:
    serializedVersion: 2
    m_Curve:
    - serializedVersion: 2
      time: 0
      value: 0
      inSlope: 0
      outSlope: 0
      tangentMode: 0
    m_PreInfinity: 2
    m_PostInfinity: 2
    m_RotationOrder: 0
  spreadCustomCurve:
    serializedVersion: 2
    m_Curve:
    - serializedVersion: 2
      time: 0
      value: 0
      inSlope: 0
      outSlope: 0
      tangentMode: 0
    m_PreInfinity: 2
    m_PostInfinity: 2
    m_RotationOrder: 0
  reverbZoneMixCustomCurve:
    serializedVersion: 2
    m_Curve:
    - serializedVersion: 2
      time: 0
      value: 1
      inSlope: 0
      outSlope: 0
      tangentMode: 0
    m_PreInfinity: 2
    m_PostInfinity: 2
    m_RotationOrder: 0
--- !u!1 &1283107613
GameObject:
  m_ObjectHideFlags: 0
  m_PrefabParentObject: {fileID: 0}
  m_PrefabInternal: {fileID: 0}
  serializedVersion: 5
  m_Component:
  - component: {fileID: 1283107615}
  - component: {fileID: 1283107614}
  - component: {fileID: 1283107617}
  - component: {fileID: 1283107616}
  m_Layer: 0
  m_Name: RoundManager
  m_TagString: Untagged
  m_Icon: {fileID: 0}
  m_NavMeshLayer: 0
  m_StaticEditorFlags: 0
  m_IsActive: 1
--- !u!114 &1283107614
MonoBehaviour:
  m_ObjectHideFlags: 0
  m_PrefabParentObject: {fileID: 0}
  m_PrefabInternal: {fileID: 0}
  m_GameObject: {fileID: 1283107613}
  m_Enabled: 1
  m_EditorHideFlags: 0
  m_Script: {fileID: 11500000, guid: 2f9ebff33e279b846a04e12807b195eb, type: 3}
  m_Name: 
  m_EditorClassIdentifier: 
  onRoundStart:
    m_PersistentCalls:
      m_Calls:
      - m_Target: {fileID: 1277874875}
        m_MethodName: Play
        m_Mode: 1
        m_Arguments:
          m_ObjectArgument: {fileID: 0}
          m_ObjectArgumentAssemblyTypeName: UnityEngine.Object, UnityEngine
          m_IntArgument: 0
          m_FloatArgument: 0
          m_StringArgument: 
          m_BoolArgument: 0
        m_CallState: 2
    m_TypeName: UnityEngine.Events.UnityEvent, UnityEngine.CoreModule, Version=0.0.0.0,
      Culture=neutral, PublicKeyToken=null
  onPlayerDeath:
    m_PersistentCalls:
      m_Calls:
      - m_Target: {fileID: 1872662828}
        m_MethodName: SetActive
        m_Mode: 6
        m_Arguments:
          m_ObjectArgument: {fileID: 0}
          m_ObjectArgumentAssemblyTypeName: UnityEngine.Object, UnityEngine
          m_IntArgument: 0
          m_FloatArgument: 0
          m_StringArgument: 
          m_BoolArgument: 1
        m_CallState: 2
      - m_Target: {fileID: 1283107616}
        m_MethodName: SetWinnerAs
        m_Mode: 0
        m_Arguments:
          m_ObjectArgument: {fileID: 0}
          m_ObjectArgumentAssemblyTypeName: UnityEngine.Object, UnityEngine
          m_IntArgument: 0
          m_FloatArgument: 0
          m_StringArgument: 
          m_BoolArgument: 1
        m_CallState: 2
      - m_Target: {fileID: 1283107617}
        m_MethodName: ReloadSceneInSomeTime
        m_Mode: 1
        m_Arguments:
          m_ObjectArgument: {fileID: 0}
          m_ObjectArgumentAssemblyTypeName: UnityEngine.Object, UnityEngine
          m_IntArgument: 0
          m_FloatArgument: 0
          m_StringArgument: 
          m_BoolArgument: 1
        m_CallState: 2
      - m_Target: {fileID: 1719010950}
        m_MethodName: Play
        m_Mode: 1
        m_Arguments:
          m_ObjectArgument: {fileID: 0}
          m_ObjectArgumentAssemblyTypeName: UnityEngine.Object, UnityEngine
          m_IntArgument: 0
          m_FloatArgument: 0
          m_StringArgument: 
          m_BoolArgument: 1
        m_CallState: 2
      - m_Target: {fileID: 1040108690}
        m_MethodName: TakeScreenShot
        m_Mode: 1
        m_Arguments:
          m_ObjectArgument: {fileID: 0}
          m_ObjectArgumentAssemblyTypeName: UnityEngine.Object, UnityEngine
          m_IntArgument: 0
          m_FloatArgument: 0
          m_StringArgument: 
          m_BoolArgument: 1
        m_CallState: 2
    m_TypeName: RoundManager+PlayerDeathEvent, Assembly-CSharp, Version=0.0.0.0, Culture=neutral,
      PublicKeyToken=null
  _durationBetweenCheck: 0.1
  _black: {fileID: 1473696969}
  _white: {fileID: 378152164}
  _endGameHasBeenActivated: 0
--- !u!4 &1283107615
Transform:
  m_ObjectHideFlags: 0
  m_PrefabParentObject: {fileID: 0}
  m_PrefabInternal: {fileID: 0}
  m_GameObject: {fileID: 1283107613}
  m_LocalRotation: {x: -0, y: -0, z: -0, w: 1}
  m_LocalPosition: {x: 0, y: -0, z: -0}
  m_LocalScale: {x: 0, y: 0, z: 0}
  m_Children:
  - {fileID: 531477797}
  m_Father: {fileID: 0}
  m_RootOrder: 3
  m_LocalEulerAnglesHint: {x: 0, y: 0, z: 0}
--- !u!114 &1283107616
MonoBehaviour:
  m_ObjectHideFlags: 0
  m_PrefabParentObject: {fileID: 0}
  m_PrefabInternal: {fileID: 0}
  m_GameObject: {fileID: 1283107613}
  m_Enabled: 1
  m_EditorHideFlags: 0
  m_Script: {fileID: 11500000, guid: 8e44ba35796f5f043ad096a567c7b8ea, type: 3}
  m_Name: 
  m_EditorClassIdentifier: 
  _black:
    _toActivate:
    - {fileID: 898416850}
    _txtWinner: {fileID: 0}
    _winnerAvatar: {fileID: 0}
    _winnerAnnoncement: {fileID: 0}
    _winSound: {fileID: 0}
  _white:
    _toActivate:
    - {fileID: 1133208985}
    _txtWinner: {fileID: 0}
    _winnerAvatar: {fileID: 0}
    _winnerAnnoncement: {fileID: 0}
    _winSound: {fileID: 0}
--- !u!114 &1283107617
MonoBehaviour:
  m_ObjectHideFlags: 0
  m_PrefabParentObject: {fileID: 0}
  m_PrefabInternal: {fileID: 0}
  m_GameObject: {fileID: 1283107613}
  m_Enabled: 1
  m_EditorHideFlags: 0
  m_Script: {fileID: 11500000, guid: 3e27b38dd3402ad4eb68d3b770e78fbe, type: 3}
  m_Name: 
  m_EditorClassIdentifier: 
  _toActivate: []
  _delayBefore: 5
  _sceneName: DeathScene
  _launchAtStart: 0
--- !u!1 &1287519476
GameObject:
  m_ObjectHideFlags: 0
  m_PrefabParentObject: {fileID: 0}
  m_PrefabInternal: {fileID: 0}
  serializedVersion: 5
  m_Component:
  - component: {fileID: 1287519477}
  m_Layer: 0
  m_Name: Wall
  m_TagString: Untagged
  m_Icon: {fileID: 0}
  m_NavMeshLayer: 0
  m_StaticEditorFlags: 0
  m_IsActive: 1
--- !u!4 &1287519477
Transform:
  m_ObjectHideFlags: 0
  m_PrefabParentObject: {fileID: 0}
  m_PrefabInternal: {fileID: 0}
  m_GameObject: {fileID: 1287519476}
  m_LocalRotation: {x: 0, y: 0, z: 0, w: 1}
  m_LocalPosition: {x: 0, y: 0, z: 0}
  m_LocalScale: {x: 1, y: 1, z: 1}
  m_Children:
  - {fileID: 689888748}
  - {fileID: 736885244}
  - {fileID: 2002062270}
  - {fileID: 1632709732}
  m_Father: {fileID: 0}
  m_RootOrder: 10
  m_LocalEulerAnglesHint: {x: 0, y: 0, z: 0}
--- !u!1 &1306138108
GameObject:
  m_ObjectHideFlags: 0
  m_PrefabParentObject: {fileID: 0}
  m_PrefabInternal: {fileID: 0}
  serializedVersion: 5
  m_Component:
  - component: {fileID: 1306138109}
  m_Layer: 0
  m_Name: _Prog
  m_TagString: Untagged
  m_Icon: {fileID: 0}
  m_NavMeshLayer: 0
  m_StaticEditorFlags: 0
  m_IsActive: 1
--- !u!4 &1306138109
Transform:
  m_ObjectHideFlags: 0
  m_PrefabParentObject: {fileID: 0}
  m_PrefabInternal: {fileID: 0}
  m_GameObject: {fileID: 1306138108}
  m_LocalRotation: {x: -0, y: -0, z: -0, w: 1}
  m_LocalPosition: {x: 0, y: 0, z: 0}
  m_LocalScale: {x: 1, y: 1, z: 1}
  m_Children:
  - {fileID: 1040108689}
  - {fileID: 978745396}
  m_Father: {fileID: 0}
  m_RootOrder: 1
  m_LocalEulerAnglesHint: {x: 0, y: 0, z: 0}
--- !u!1 &1366852222
GameObject:
  m_ObjectHideFlags: 0
  m_PrefabParentObject: {fileID: 0}
  m_PrefabInternal: {fileID: 0}
  serializedVersion: 5
  m_Component:
  - component: {fileID: 1366852225}
  - component: {fileID: 1366852224}
  - component: {fileID: 1366852223}
  m_Layer: 0
  m_Name: EventSystem
  m_TagString: Untagged
  m_Icon: {fileID: 0}
  m_NavMeshLayer: 0
  m_StaticEditorFlags: 0
  m_IsActive: 1
--- !u!114 &1366852223
MonoBehaviour:
  m_ObjectHideFlags: 0
  m_PrefabParentObject: {fileID: 0}
  m_PrefabInternal: {fileID: 0}
  m_GameObject: {fileID: 1366852222}
  m_Enabled: 1
  m_EditorHideFlags: 0
  m_Script: {fileID: 1077351063, guid: f5f67c52d1564df4a8936ccd202a3bd8, type: 3}
  m_Name: 
  m_EditorClassIdentifier: 
  m_HorizontalAxis: Horizontal
  m_VerticalAxis: Vertical
  m_SubmitButton: Submit
  m_CancelButton: Cancel
  m_InputActionsPerSecond: 10
  m_RepeatDelay: 0.5
  m_ForceModuleActive: 0
--- !u!114 &1366852224
MonoBehaviour:
  m_ObjectHideFlags: 0
  m_PrefabParentObject: {fileID: 0}
  m_PrefabInternal: {fileID: 0}
  m_GameObject: {fileID: 1366852222}
  m_Enabled: 1
  m_EditorHideFlags: 0
  m_Script: {fileID: -619905303, guid: f5f67c52d1564df4a8936ccd202a3bd8, type: 3}
  m_Name: 
  m_EditorClassIdentifier: 
  m_FirstSelected: {fileID: 0}
  m_sendNavigationEvents: 1
  m_DragThreshold: 5
--- !u!4 &1366852225
Transform:
  m_ObjectHideFlags: 0
  m_PrefabParentObject: {fileID: 0}
  m_PrefabInternal: {fileID: 0}
  m_GameObject: {fileID: 1366852222}
  m_LocalRotation: {x: 0, y: 0, z: 0, w: 1}
  m_LocalPosition: {x: 0, y: 0, z: 0}
  m_LocalScale: {x: 1, y: 1, z: 1}
  m_Children: []
  m_Father: {fileID: 0}
  m_RootOrder: 9
  m_LocalEulerAnglesHint: {x: 0, y: 0, z: 0}
--- !u!114 &1473696969 stripped
MonoBehaviour:
  m_PrefabParentObject: {fileID: 114964477954198208, guid: 316b937beac40764f9862a793e1d0cbe,
    type: 2}
  m_PrefabInternal: {fileID: 2113258482}
  m_Script: {fileID: 11500000, guid: 329b5099563517c43950b4d394714977, type: 3}
--- !u!1 &1632709731
GameObject:
  m_ObjectHideFlags: 0
  m_PrefabParentObject: {fileID: 0}
  m_PrefabInternal: {fileID: 0}
  serializedVersion: 5
  m_Component:
  - component: {fileID: 1632709732}
  - component: {fileID: 1632709735}
  - component: {fileID: 1632709734}
  - component: {fileID: 1632709733}
  m_Layer: 0
  m_Name: Cube (3)
  m_TagString: Untagged
  m_Icon: {fileID: 0}
  m_NavMeshLayer: 0
  m_StaticEditorFlags: 0
  m_IsActive: 1
--- !u!4 &1632709732
Transform:
  m_ObjectHideFlags: 0
  m_PrefabParentObject: {fileID: 0}
  m_PrefabInternal: {fileID: 0}
  m_GameObject: {fileID: 1632709731}
  m_LocalRotation: {x: -0, y: 0.7071038, z: -0, w: 0.7071098}
  m_LocalPosition: {x: 9.37, y: 0, z: -0.26}
  m_LocalScale: {x: 11.02335, y: 4.088775, z: 1.0000005}
  m_Children: []
  m_Father: {fileID: 1287519477}
  m_RootOrder: 3
  m_LocalEulerAnglesHint: {x: 0, y: 90.00001, z: 0}
--- !u!23 &1632709733
MeshRenderer:
  m_ObjectHideFlags: 0
  m_PrefabParentObject: {fileID: 0}
  m_PrefabInternal: {fileID: 0}
  m_GameObject: {fileID: 1632709731}
  m_Enabled: 1
  m_CastShadows: 1
  m_ReceiveShadows: 1
  m_DynamicOccludee: 1
  m_MotionVectors: 1
  m_LightProbeUsage: 1
  m_ReflectionProbeUsage: 1
  m_Materials:
  - {fileID: 2100000, guid: 2056922b8183b774d83b26743eb7fab3, type: 2}
  m_StaticBatchInfo:
    firstSubMesh: 0
    subMeshCount: 0
  m_StaticBatchRoot: {fileID: 0}
  m_ProbeAnchor: {fileID: 0}
  m_LightProbeVolumeOverride: {fileID: 0}
  m_ScaleInLightmap: 1
  m_PreserveUVs: 1
  m_IgnoreNormalsForChartDetection: 0
  m_ImportantGI: 0
  m_StitchLightmapSeams: 0
  m_SelectedEditorRenderState: 3
  m_MinimumChartSize: 4
  m_AutoUVMaxDistance: 0.5
  m_AutoUVMaxAngle: 89
  m_LightmapParameters: {fileID: 0}
  m_SortingLayerID: 0
  m_SortingLayer: 0
  m_SortingOrder: 0
--- !u!65 &1632709734
BoxCollider:
  m_ObjectHideFlags: 0
  m_PrefabParentObject: {fileID: 0}
  m_PrefabInternal: {fileID: 0}
  m_GameObject: {fileID: 1632709731}
  m_Material: {fileID: 0}
  m_IsTrigger: 0
  m_Enabled: 1
  serializedVersion: 2
  m_Size: {x: 1, y: 1, z: 1}
  m_Center: {x: 0, y: 0, z: 0}
--- !u!33 &1632709735
MeshFilter:
  m_ObjectHideFlags: 0
  m_PrefabParentObject: {fileID: 0}
  m_PrefabInternal: {fileID: 0}
  m_GameObject: {fileID: 1632709731}
  m_Mesh: {fileID: 10202, guid: 0000000000000000e000000000000000, type: 0}
--- !u!1 &1719010948
GameObject:
  m_ObjectHideFlags: 0
  m_PrefabParentObject: {fileID: 0}
  m_PrefabInternal: {fileID: 0}
  serializedVersion: 5
  m_Component:
  - component: {fileID: 1719010949}
  - component: {fileID: 1719010950}
  m_Layer: 0
  m_Name: EndSound
  m_TagString: Untagged
  m_Icon: {fileID: 0}
  m_NavMeshLayer: 0
  m_StaticEditorFlags: 0
  m_IsActive: 1
--- !u!4 &1719010949
Transform:
  m_ObjectHideFlags: 0
  m_PrefabParentObject: {fileID: 0}
  m_PrefabInternal: {fileID: 0}
  m_GameObject: {fileID: 1719010948}
  m_LocalRotation: {x: -0, y: -0, z: -0, w: 1}
  m_LocalPosition: {x: 0, y: 0, z: 0}
  m_LocalScale: {x: 0, y: 0, z: 0}
  m_Children: []
  m_Father: {fileID: 531477797}
  m_RootOrder: 1
  m_LocalEulerAnglesHint: {x: 0, y: 0, z: 0}
--- !u!82 &1719010950
AudioSource:
  m_ObjectHideFlags: 0
  m_PrefabParentObject: {fileID: 0}
  m_PrefabInternal: {fileID: 0}
  m_GameObject: {fileID: 1719010948}
  m_Enabled: 1
  serializedVersion: 4
  OutputAudioMixerGroup: {fileID: 0}
  m_audioClip: {fileID: 8300000, guid: a09df3cb5d2e6a9468826f77ebdb72dc, type: 3}
  m_PlayOnAwake: 0
  m_Volume: 1
  m_Pitch: 1
  Loop: 0
  Mute: 0
  Spatialize: 0
  SpatializePostEffects: 0
  Priority: 128
  DopplerLevel: 1
  MinDistance: 1
  MaxDistance: 500
  Pan2D: 0
  rolloffMode: 0
  BypassEffects: 0
  BypassListenerEffects: 0
  BypassReverbZones: 0
  rolloffCustomCurve:
    serializedVersion: 2
    m_Curve:
    - serializedVersion: 2
      time: 0
      value: 1
      inSlope: 0
      outSlope: 0
      tangentMode: 0
    - serializedVersion: 2
      time: 1
      value: 0
      inSlope: 0
      outSlope: 0
      tangentMode: 0
    m_PreInfinity: 2
    m_PostInfinity: 2
    m_RotationOrder: 4
  panLevelCustomCurve:
    serializedVersion: 2
    m_Curve:
    - serializedVersion: 2
      time: 0
      value: 0
      inSlope: 0
      outSlope: 0
      tangentMode: 0
    m_PreInfinity: 2
    m_PostInfinity: 2
    m_RotationOrder: 0
  spreadCustomCurve:
    serializedVersion: 2
    m_Curve:
    - serializedVersion: 2
      time: 0
      value: 0
      inSlope: 0
      outSlope: 0
      tangentMode: 0
    m_PreInfinity: 2
    m_PostInfinity: 2
    m_RotationOrder: 0
  reverbZoneMixCustomCurve:
    serializedVersion: 2
    m_Curve:
    - serializedVersion: 2
      time: 0
      value: 1
      inSlope: 0
      outSlope: 0
      tangentMode: 0
    m_PreInfinity: 2
    m_PostInfinity: 2
    m_RotationOrder: 0
--- !u!1 &1831563238
GameObject:
  m_ObjectHideFlags: 0
  m_PrefabParentObject: {fileID: 0}
  m_PrefabInternal: {fileID: 0}
  serializedVersion: 5
  m_Component:
  - component: {fileID: 1831563239}
  - component: {fileID: 1831563243}
  m_Layer: 0
  m_Name: BloodCamera
  m_TagString: Untagged
  m_Icon: {fileID: 0}
  m_NavMeshLayer: 0
  m_StaticEditorFlags: 0
  m_IsActive: 1
--- !u!4 &1831563239
Transform:
  m_ObjectHideFlags: 0
  m_PrefabParentObject: {fileID: 0}
  m_PrefabInternal: {fileID: 0}
  m_GameObject: {fileID: 1831563238}
  m_LocalRotation: {x: 0, y: 0, z: 0, w: 1}
  m_LocalPosition: {x: 0, y: 0, z: 0}
  m_LocalScale: {x: 1, y: 1, z: 1}
  m_Children: []
  m_Father: {fileID: 1051062111}
  m_RootOrder: 0
  m_LocalEulerAnglesHint: {x: 0, y: 0, z: 0}
--- !u!20 &1831563243
Camera:
  m_ObjectHideFlags: 0
  m_PrefabParentObject: {fileID: 0}
  m_PrefabInternal: {fileID: 0}
  m_GameObject: {fileID: 1831563238}
  m_Enabled: 0
  serializedVersion: 2
  m_ClearFlags: 2
  m_BackGroundColor: {r: 0, g: 1, b: 0, a: 0}
  m_NormalizedViewPortRect:
    serializedVersion: 2
    x: 0
    y: 0
    width: 1
    height: 1
  near clip plane: 0.3
  far clip plane: 1000
  field of view: 60
  orthographic: 1
  orthographic size: 5
  m_Depth: 0
  m_CullingMask:
    serializedVersion: 2
    m_Bits: 1024
  m_RenderingPath: -1
  m_TargetTexture: {fileID: 0}
  m_TargetDisplay: 0
  m_TargetEye: 3
  m_HDR: 1
  m_AllowMSAA: 1
  m_AllowDynamicResolution: 0
  m_ForceIntoRT: 0
  m_OcclusionCulling: 1
  m_StereoConvergence: 10
  m_StereoSeparation: 0.022
--- !u!1 &1872662828
GameObject:
  m_ObjectHideFlags: 0
  m_PrefabParentObject: {fileID: 0}
  m_PrefabInternal: {fileID: 0}
  serializedVersion: 5
  m_Component:
  - component: {fileID: 1872662829}
  - component: {fileID: 1872662832}
  - component: {fileID: 1872662831}
  - component: {fileID: 1872662830}
  m_Layer: 5
  m_Name: Canvas_Winner
  m_TagString: Untagged
  m_Icon: {fileID: 0}
  m_NavMeshLayer: 0
  m_StaticEditorFlags: 0
  m_IsActive: 0
--- !u!224 &1872662829
RectTransform:
  m_ObjectHideFlags: 0
  m_PrefabParentObject: {fileID: 0}
  m_PrefabInternal: {fileID: 0}
  m_GameObject: {fileID: 1872662828}
  m_LocalRotation: {x: 0, y: 0, z: 0, w: 1}
  m_LocalPosition: {x: 0, y: 0, z: 0}
  m_LocalScale: {x: 0, y: 0, z: 0}
  m_Children:
  - {fileID: 898416851}
  - {fileID: 1133208986}
  m_Father: {fileID: 0}
  m_RootOrder: 2
  m_LocalEulerAnglesHint: {x: 0, y: 0, z: 0}
  m_AnchorMin: {x: 0, y: 0}
  m_AnchorMax: {x: 0, y: 0}
  m_AnchoredPosition: {x: 0, y: 0}
  m_SizeDelta: {x: 0, y: 0}
  m_Pivot: {x: 0, y: 0}
--- !u!114 &1872662830
MonoBehaviour:
  m_ObjectHideFlags: 0
  m_PrefabParentObject: {fileID: 0}
  m_PrefabInternal: {fileID: 0}
  m_GameObject: {fileID: 1872662828}
  m_Enabled: 1
  m_EditorHideFlags: 0
  m_Script: {fileID: 1301386320, guid: f70555f144d8491a825f0804e09c671c, type: 3}
  m_Name: 
  m_EditorClassIdentifier: 
  m_IgnoreReversedGraphics: 1
  m_BlockingObjects: 0
  m_BlockingMask:
    serializedVersion: 2
    m_Bits: 4294967295
--- !u!114 &1872662831
MonoBehaviour:
  m_ObjectHideFlags: 0
  m_PrefabParentObject: {fileID: 0}
  m_PrefabInternal: {fileID: 0}
  m_GameObject: {fileID: 1872662828}
  m_Enabled: 1
  m_EditorHideFlags: 0
  m_Script: {fileID: 1980459831, guid: f70555f144d8491a825f0804e09c671c, type: 3}
  m_Name: 
  m_EditorClassIdentifier: 
  m_UiScaleMode: 0
  m_ReferencePixelsPerUnit: 100
  m_ScaleFactor: 1
  m_ReferenceResolution: {x: 800, y: 600}
  m_ScreenMatchMode: 0
  m_MatchWidthOrHeight: 0
  m_PhysicalUnit: 3
  m_FallbackScreenDPI: 96
  m_DefaultSpriteDPI: 96
  m_DynamicPixelsPerUnit: 1
--- !u!223 &1872662832
Canvas:
  m_ObjectHideFlags: 0
  m_PrefabParentObject: {fileID: 0}
  m_PrefabInternal: {fileID: 0}
  m_GameObject: {fileID: 1872662828}
  m_Enabled: 1
  serializedVersion: 3
  m_RenderMode: 0
  m_Camera: {fileID: 0}
  m_PlaneDistance: 100
  m_PixelPerfect: 0
  m_ReceivesEvents: 1
  m_OverrideSorting: 0
  m_OverridePixelPerfect: 0
  m_SortingBucketNormalizedSize: 0
  m_AdditionalShaderChannelsFlag: 0
  m_SortingLayerID: 0
  m_SortingOrder: 2
  m_TargetDisplay: 0
--- !u!1 &1882316180
GameObject:
  m_ObjectHideFlags: 0
  m_PrefabParentObject: {fileID: 0}
  m_PrefabInternal: {fileID: 0}
  serializedVersion: 5
  m_Component:
  - component: {fileID: 1882316183}
  - component: {fileID: 1882316182}
  - component: {fileID: 1882316181}
  m_Layer: 0
  m_Name: Rewired Input Manager
  m_TagString: Untagged
  m_Icon: {fileID: 0}
  m_NavMeshLayer: 0
  m_StaticEditorFlags: 0
  m_IsActive: 1
--- !u!114 &1882316181
MonoBehaviour:
  m_ObjectHideFlags: 0
  m_PrefabParentObject: {fileID: 0}
  m_PrefabInternal: {fileID: 0}
  m_GameObject: {fileID: 1882316180}
  m_Enabled: 1
  m_EditorHideFlags: 0
  m_Script: {fileID: 11500000, guid: 572691ae17c4be1448ebd0ab1fb0b3c2, type: 3}
  m_Name: 
  m_EditorClassIdentifier: 
--- !u!114 &1882316182
MonoBehaviour:
  m_ObjectHideFlags: 0
  m_PrefabParentObject: {fileID: 0}
  m_PrefabInternal: {fileID: 0}
  m_GameObject: {fileID: 1882316180}
  m_Enabled: 1
  m_EditorHideFlags: 0
  m_Script: {fileID: 11500000, guid: 581b3e3c96df0ef42aef16b63b27b87f, type: 3}
  m_Name: 
  m_EditorClassIdentifier: 
  _dontDestroyOnLoad: 1
  _userData:
    configVars:
      updateLoop: 1
      alwaysUseUnityInput: 0
      windowsStandalonePrimaryInputSource: 0
      osx_primaryInputSource: 0
      linux_primaryInputSource: 0
      windowsUWP_primaryInputSource: 0
      xboxOne_primaryInputSource: 0
      ps4_primaryInputSource: 0
      useXInput: 1
      useNativeMouse: 1
      useEnhancedDeviceSupport: 1
      windowsStandalone_useSteamRawInputControllerWorkaround: 1
      osxStandalone_useEnhancedDeviceSupport: 1
      android_supportUnknownGamepads: 0
      ps4_assignJoysticksByPS4JoyId: 1
      useSteamControllerSupport: 1
      platformVars_allPlatforms:
        disableKeyboard: 0
      platformVars_windowsStandalone:
        disableKeyboard: 0
      platformVars_linuxStandalone:
        disableKeyboard: 0
      platformVars_osxStandalone:
        disableKeyboard: 0
      platformVars_windows8Store:
        disableKeyboard: 0
      platformVars_windowsUWP:
        disableKeyboard: 0
      platformVars_iOS:
        disableKeyboard: 0
      platformVars_tvOS:
        disableKeyboard: 0
      platformVars_android:
        disableKeyboard: 0
      platformVars_ps3:
        disableKeyboard: 0
      platformVars_ps4:
        disableKeyboard: 0
      platformVars_psVita:
        disableKeyboard: 0
      platformVars_xbox360:
        disableKeyboard: 0
      platformVars_xboxOne:
        disableKeyboard: 0
      platformVars_wii:
        disableKeyboard: 0
      platformVars_wiiu:
        disableKeyboard: 0
      platformVars_webGL:
        disableKeyboard: 0
      maxJoysticksPerPlayer: 1
      autoAssignJoysticks: 1
      assignJoysticksToPlayingPlayersOnly: 0
      distributeJoysticksEvenly: 1
      reassignJoystickToPreviousOwnerOnReconnect: 1
      defaultJoystickAxis2DDeadZoneType: 1
      force4WayHats: 0
      editorSettings:
        exportConsts_useParentClass: 0
        exportConsts_parentClassName: RewiredConsts
        exportConsts_useNamespace: 1
        exportConsts_namespace: RewiredConsts
        exportConsts_actions: 1
        exportConsts_actionsClassName: Action
        exportConsts_actionsIncludeActionCategory: 0
        exportConsts_mapCategories: 1
        exportConsts_mapCategoriesClassName: Category
        exportConsts_layouts: 1
        exportConsts_layoutsClassName: Layout
    players:
    - _id: 9999999
      _name: System
      _descriptiveName: System
      _startPlaying: 1
      _defaultJoystickMaps: []
      _defaultMouseMaps: []
      _defaultKeyboardMaps: []
      _defaultCustomControllerMaps: []
      _startingCustomControllers: []
      _assignMouseOnStart: 1
      _excludeFromControllerAutoAssignment: 1
    - _id: 1
      _name: BlackPlayer
      _descriptiveName: Black Player
      _startPlaying: 1
      _defaultJoystickMaps:
      - _enabled: 1
        _categoryId: 0
        _layoutId: 0
      _defaultMouseMaps: []
      _defaultKeyboardMaps:
      - _enabled: 1
        _categoryId: 2
        _layoutId: 0
      _defaultCustomControllerMaps: []
      _startingCustomControllers: []
      _assignMouseOnStart: 0
      _excludeFromControllerAutoAssignment: 0
    - _id: 2
      _name: WhitePlayer
      _descriptiveName: White Player
      _startPlaying: 1
      _defaultJoystickMaps:
      - _enabled: 1
        _categoryId: 0
        _layoutId: 0
      _defaultMouseMaps: []
      _defaultKeyboardMaps:
      - _enabled: 1
        _categoryId: 1
        _layoutId: 0
      _defaultCustomControllerMaps: []
      _startingCustomControllers: []
      _assignMouseOnStart: 0
      _excludeFromControllerAutoAssignment: 0
    actions:
    - _id: 0
      _name: FireMobType1
      _type: 1
      _descriptiveName: FireMobType1
      _positiveDescriptiveName: 
      _negativeDescriptiveName: 
      _behaviorId: 0
      _userAssignable: 1
      _categoryId: 0
    - _id: 1
      _name: FireMobType2
      _type: 1
      _descriptiveName: FireMobType2
      _positiveDescriptiveName: 
      _negativeDescriptiveName: 
      _behaviorId: 0
      _userAssignable: 1
      _categoryId: 0
    - _id: 2
      _name: FireMobType3
      _type: 1
      _descriptiveName: FireMobType3
      _positiveDescriptiveName: 
      _negativeDescriptiveName: 
      _behaviorId: 0
      _userAssignable: 1
      _categoryId: 0
    - _id: 3
      _name: FireMobType4
      _type: 1
      _descriptiveName: FireMobType4
      _positiveDescriptiveName: 
      _negativeDescriptiveName: 
      _behaviorId: 0
      _userAssignable: 1
      _categoryId: 0
    - _id: 4
      _name: MoveHorizontal
      _type: 0
      _descriptiveName: Action0
      _positiveDescriptiveName: 
      _negativeDescriptiveName: 
      _behaviorId: 0
      _userAssignable: 1
      _categoryId: 0
    - _id: 5
      _name: MoveVertical
      _type: 0
      _descriptiveName: Action0
      _positiveDescriptiveName: 
      _negativeDescriptiveName: 
      _behaviorId: 0
      _userAssignable: 1
      _categoryId: 0
    - _id: 6
      _name: Screenshot
      _type: 1
      _descriptiveName: Screenshot
      _positiveDescriptiveName: 
      _negativeDescriptiveName: 
      _behaviorId: 0
      _userAssignable: 1
      _categoryId: 0
    - _id: 7
      _name: Back
      _type: 1
      _descriptiveName: Back
      _positiveDescriptiveName: 
      _negativeDescriptiveName: 
      _behaviorId: 0
      _userAssignable: 1
      _categoryId: 0
    - _id: 8
      _name: Pause
      _type: 1
      _descriptiveName: Pause
      _positiveDescriptiveName: 
      _negativeDescriptiveName: 
      _behaviorId: 0
      _userAssignable: 1
      _categoryId: 0
    actionCategories:
    - _name: Default
      _descriptiveName: Default
      _tag: 
      _id: 0
      _userAssignable: 1
    actionCategoryMap:
      list:
      - categoryId: 0
        actionIds: 000000000100000002000000030000000400000005000000060000000700000008000000
    inputBehaviors:
    - _id: 0
      _name: Default
      _joystickAxisSensitivity: 1
      _digitalAxisSimulation: 1
      _digitalAxisSnap: 1
      _digitalAxisInstantReverse: 0
      _digitalAxisGravity: 3
      _digitalAxisSensitivity: 3
      _mouseXYAxisMode: 0
      _mouseOtherAxisMode: 0
      _mouseXYAxisSensitivity: 1
      _mouseXYAxisDeltaCalc: 0
      _mouseOtherAxisSensitivity: 1
      _customControllerAxisSensitivity: 1
      _buttonDoublePressSpeed: 0.3
      _buttonShortPressTime: 0.25
      _buttonShortPressExpiresIn: 0
      _buttonLongPressTime: 1
      _buttonLongPressExpiresIn: 0
      _buttonDeadZone: 0.5
      _buttonDownBuffer: 0
    mapCategories:
    - _name: Default
      _descriptiveName: Default
      _tag: 
      _id: 0
      _userAssignable: 1
      _checkConflictsWithAllCategories: 1
      _checkConflictsCategoryIds: 
    - _name: WhitePlayer
      _descriptiveName: White Player
      _tag: 
      _id: 1
      _userAssignable: 1
      _checkConflictsWithAllCategories: 1
      _checkConflictsCategoryIds: 
    - _name: BlackPlayer
      _descriptiveName: Black Player
      _tag: 
      _id: 2
      _userAssignable: 1
      _checkConflictsWithAllCategories: 1
      _checkConflictsCategoryIds: 
    joystickLayouts:
    - _name: Default
      _descriptiveName: Default
      _id: 0
    keyboardLayouts:
    - _name: Default
      _descriptiveName: Default
      _id: 0
    mouseLayouts:
    - _name: Default
      _descriptiveName: Default
      _id: 0
    customControllerLayouts:
    - _name: Default
      _descriptiveName: Default
      _id: 0
    joystickMaps:
    - id: 0
      categoryId: 0
      layoutId: 0
      name: 
      hardwareGuidString: d74a350e-fe8b-4e9e-bbcd-efff16d34115
      customControllerUid: 0
      actionElementMaps:
      - _actionCategoryId: 0
        _actionId: 4
        _elementType: 0
        _elementIdentifierId: 0
        _axisRange: 0
        _invert: 0
        _axisContribution: 0
        _keyboardKeyCode: 0
        _modifierKey1: 0
        _modifierKey2: 0
        _modifierKey3: 0
      - _actionCategoryId: 0
        _actionId: 5
        _elementType: 0
        _elementIdentifierId: 1
        _axisRange: 0
        _invert: 0
        _axisContribution: 0
        _keyboardKeyCode: 0
        _modifierKey1: 0
        _modifierKey2: 0
        _modifierKey3: 0
      - _actionCategoryId: 0
        _actionId: -1
        _elementType: 0
        _elementIdentifierId: 2
        _axisRange: 0
        _invert: 0
        _axisContribution: 0
        _keyboardKeyCode: 0
        _modifierKey1: 0
        _modifierKey2: 0
        _modifierKey3: 0
      - _actionCategoryId: 0
        _actionId: -1
        _elementType: 0
        _elementIdentifierId: 3
        _axisRange: 0
        _invert: 0
        _axisContribution: 0
        _keyboardKeyCode: 0
        _modifierKey1: 0
        _modifierKey2: 0
        _modifierKey3: 0
      - _actionCategoryId: 0
        _actionId: -1
        _elementType: 0
        _elementIdentifierId: 4
        _axisRange: 0
        _invert: 0
        _axisContribution: 0
        _keyboardKeyCode: 0
        _modifierKey1: 0
        _modifierKey2: 0
        _modifierKey3: 0
      - _actionCategoryId: 0
        _actionId: -1
        _elementType: 0
        _elementIdentifierId: 5
        _axisRange: 0
        _invert: 0
        _axisContribution: 0
        _keyboardKeyCode: 0
        _modifierKey1: 0
        _modifierKey2: 0
        _modifierKey3: 0
      - _actionCategoryId: 0
        _actionId: 0
        _elementType: 1
        _elementIdentifierId: 6
        _axisRange: 0
        _invert: 0
        _axisContribution: 0
        _keyboardKeyCode: 0
        _modifierKey1: 0
        _modifierKey2: 0
        _modifierKey3: 0
      - _actionCategoryId: 0
        _actionId: 2
        _elementType: 1
        _elementIdentifierId: 7
        _axisRange: 0
        _invert: 0
        _axisContribution: 0
        _keyboardKeyCode: 0
        _modifierKey1: 0
        _modifierKey2: 0
        _modifierKey3: 0
      - _actionCategoryId: 0
        _actionId: 1
        _elementType: 1
        _elementIdentifierId: 8
        _axisRange: 0
        _invert: 0
        _axisContribution: 0
        _keyboardKeyCode: 0
        _modifierKey1: 0
        _modifierKey2: 0
        _modifierKey3: 0
      - _actionCategoryId: 0
        _actionId: 3
        _elementType: 1
        _elementIdentifierId: 9
        _axisRange: 0
        _invert: 0
        _axisContribution: 0
        _keyboardKeyCode: 0
        _modifierKey1: 0
        _modifierKey2: 0
        _modifierKey3: 0
      - _actionCategoryId: 0
        _actionId: -1
        _elementType: 1
        _elementIdentifierId: 10
        _axisRange: 0
        _invert: 0
        _axisContribution: 0
        _keyboardKeyCode: 0
        _modifierKey1: 0
        _modifierKey2: 0
        _modifierKey3: 0
      - _actionCategoryId: 0
        _actionId: -1
        _elementType: 1
        _elementIdentifierId: 11
        _axisRange: 0
        _invert: 0
        _axisContribution: 0
        _keyboardKeyCode: 0
        _modifierKey1: 0
        _modifierKey2: 0
        _modifierKey3: 0
      - _actionCategoryId: 0
        _actionId: 7
        _elementType: 1
        _elementIdentifierId: 12
        _axisRange: 0
        _invert: 0
        _axisContribution: 0
        _keyboardKeyCode: 0
        _modifierKey1: 0
        _modifierKey2: 0
        _modifierKey3: 0
      - _actionCategoryId: 0
        _actionId: 8
        _elementType: 1
        _elementIdentifierId: 13
        _axisRange: 0
        _invert: 0
        _axisContribution: 0
        _keyboardKeyCode: 0
        _modifierKey1: 0
        _modifierKey2: 0
        _modifierKey3: 0
      - _actionCategoryId: 0
        _actionId: -1
        _elementType: 1
        _elementIdentifierId: 22
        _axisRange: 0
        _invert: 0
        _axisContribution: 0
        _keyboardKeyCode: 0
        _modifierKey1: 0
        _modifierKey2: 0
        _modifierKey3: 0
      - _actionCategoryId: 0
        _actionId: 6
        _elementType: 1
        _elementIdentifierId: 14
        _axisRange: 0
        _invert: 0
        _axisContribution: 0
        _keyboardKeyCode: 0
        _modifierKey1: 0
        _modifierKey2: 0
        _modifierKey3: 0
      - _actionCategoryId: 0
        _actionId: -1
        _elementType: 1
        _elementIdentifierId: 15
        _axisRange: 0
        _invert: 0
        _axisContribution: 0
        _keyboardKeyCode: 0
        _modifierKey1: 0
        _modifierKey2: 0
        _modifierKey3: 0
      - _actionCategoryId: 0
        _actionId: -1
        _elementType: 1
        _elementIdentifierId: 16
        _axisRange: 0
        _invert: 0
        _axisContribution: 0
        _keyboardKeyCode: 0
        _modifierKey1: 0
        _modifierKey2: 0
        _modifierKey3: 0
      - _actionCategoryId: 0
        _actionId: -1
        _elementType: 1
        _elementIdentifierId: 17
        _axisRange: 0
        _invert: 0
        _axisContribution: 0
        _keyboardKeyCode: 0
        _modifierKey1: 0
        _modifierKey2: 0
        _modifierKey3: 0
      - _actionCategoryId: 0
        _actionId: -1
        _elementType: 1
        _elementIdentifierId: 18
        _axisRange: 0
        _invert: 0
        _axisContribution: 0
        _keyboardKeyCode: 0
        _modifierKey1: 0
        _modifierKey2: 0
        _modifierKey3: 0
      - _actionCategoryId: 0
        _actionId: -1
        _elementType: 1
        _elementIdentifierId: 19
        _axisRange: 0
        _invert: 0
        _axisContribution: 0
        _keyboardKeyCode: 0
        _modifierKey1: 0
        _modifierKey2: 0
        _modifierKey3: 0
    - id: 2
      categoryId: 0
      layoutId: 0
      name: 
      hardwareGuidString: 6cb24ae0-a911-48ea-b11c-36bfeaa54fba
      customControllerUid: 0
      actionElementMaps:
      - _actionCategoryId: 0
        _actionId: 4
        _elementType: 0
        _elementIdentifierId: 0
        _axisRange: 0
        _invert: 0
        _axisContribution: 0
        _keyboardKeyCode: 0
        _modifierKey1: 0
        _modifierKey2: 0
        _modifierKey3: 0
      - _actionCategoryId: 0
        _actionId: 5
        _elementType: 0
        _elementIdentifierId: 1
        _axisRange: 0
        _invert: 0
        _axisContribution: 0
        _keyboardKeyCode: 0
        _modifierKey1: 0
        _modifierKey2: 0
        _modifierKey3: 0
      - _actionCategoryId: 0
        _actionId: -1
        _elementType: 0
        _elementIdentifierId: 2
        _axisRange: 0
        _invert: 0
        _axisContribution: 0
        _keyboardKeyCode: 0
        _modifierKey1: 0
        _modifierKey2: 0
        _modifierKey3: 0
      - _actionCategoryId: 0
        _actionId: -1
        _elementType: 0
        _elementIdentifierId: 3
        _axisRange: 0
        _invert: 0
        _axisContribution: 0
        _keyboardKeyCode: 0
        _modifierKey1: 0
        _modifierKey2: 0
        _modifierKey3: 0
      - _actionCategoryId: 0
        _actionId: -1
        _elementType: 0
        _elementIdentifierId: 4
        _axisRange: 0
        _invert: 0
        _axisContribution: 0
        _keyboardKeyCode: 0
        _modifierKey1: 0
        _modifierKey2: 0
        _modifierKey3: 0
      - _actionCategoryId: 0
        _actionId: -1
        _elementType: 0
        _elementIdentifierId: 5
        _axisRange: 0
        _invert: 0
        _axisContribution: 0
        _keyboardKeyCode: 0
        _modifierKey1: 0
        _modifierKey2: 0
        _modifierKey3: 0
      - _actionCategoryId: 0
        _actionId: 0
        _elementType: 1
        _elementIdentifierId: 6
        _axisRange: 0
        _invert: 0
        _axisContribution: 0
        _keyboardKeyCode: 0
        _modifierKey1: 0
        _modifierKey2: 0
        _modifierKey3: 0
      - _actionCategoryId: 0
        _actionId: 2
        _elementType: 1
        _elementIdentifierId: 7
        _axisRange: 0
        _invert: 0
        _axisContribution: 0
        _keyboardKeyCode: 0
        _modifierKey1: 0
        _modifierKey2: 0
        _modifierKey3: 0
      - _actionCategoryId: 0
        _actionId: 1
        _elementType: 1
        _elementIdentifierId: 8
        _axisRange: 0
        _invert: 0
        _axisContribution: 0
        _keyboardKeyCode: 0
        _modifierKey1: 0
        _modifierKey2: 0
        _modifierKey3: 0
      - _actionCategoryId: 0
        _actionId: 3
        _elementType: 1
        _elementIdentifierId: 9
        _axisRange: 0
        _invert: 0
        _axisContribution: 0
        _keyboardKeyCode: 0
        _modifierKey1: 0
        _modifierKey2: 0
        _modifierKey3: 0
      - _actionCategoryId: 0
        _actionId: -1
        _elementType: 1
        _elementIdentifierId: 10
        _axisRange: 0
        _invert: 0
        _axisContribution: 0
        _keyboardKeyCode: 0
        _modifierKey1: 0
        _modifierKey2: 0
        _modifierKey3: 0
      - _actionCategoryId: 0
        _actionId: -1
        _elementType: 1
        _elementIdentifierId: 11
        _axisRange: 0
        _invert: 0
        _axisContribution: 0
        _keyboardKeyCode: 0
        _modifierKey1: 0
        _modifierKey2: 0
        _modifierKey3: 0
      - _actionCategoryId: 0
        _actionId: -1
        _elementType: 1
        _elementIdentifierId: 12
        _axisRange: 0
        _invert: 0
        _axisContribution: 0
        _keyboardKeyCode: 0
        _modifierKey1: 0
        _modifierKey2: 0
        _modifierKey3: 0
      - _actionCategoryId: 0
        _actionId: -1
        _elementType: 1
        _elementIdentifierId: 13
        _axisRange: 0
        _invert: 0
        _axisContribution: 0
        _keyboardKeyCode: 0
        _modifierKey1: 0
        _modifierKey2: 0
        _modifierKey3: 0
      - _actionCategoryId: 0
        _actionId: -1
        _elementType: 1
        _elementIdentifierId: 14
        _axisRange: 0
        _invert: 0
        _axisContribution: 0
        _keyboardKeyCode: 0
        _modifierKey1: 0
        _modifierKey2: 0
        _modifierKey3: 0
      - _actionCategoryId: 0
        _actionId: -1
        _elementType: 1
        _elementIdentifierId: 15
        _axisRange: 0
        _invert: 0
        _axisContribution: 0
        _keyboardKeyCode: 0
        _modifierKey1: 0
        _modifierKey2: 0
        _modifierKey3: 0
      - _actionCategoryId: 0
        _actionId: -1
        _elementType: 1
        _elementIdentifierId: 16
        _axisRange: 0
        _invert: 0
        _axisContribution: 0
        _keyboardKeyCode: 0
        _modifierKey1: 0
        _modifierKey2: 0
        _modifierKey3: 0
      - _actionCategoryId: 0
        _actionId: -1
        _elementType: 1
        _elementIdentifierId: 17
        _axisRange: 0
        _invert: 0
        _axisContribution: 0
        _keyboardKeyCode: 0
        _modifierKey1: 0
        _modifierKey2: 0
        _modifierKey3: 0
      - _actionCategoryId: 0
        _actionId: -1
        _elementType: 1
        _elementIdentifierId: 18
        _axisRange: 0
        _invert: 0
        _axisContribution: 0
        _keyboardKeyCode: 0
        _modifierKey1: 0
        _modifierKey2: 0
        _modifierKey3: 0
      - _actionCategoryId: 0
        _actionId: -1
        _elementType: 1
        _elementIdentifierId: 19
        _axisRange: 0
        _invert: 0
        _axisContribution: 0
        _keyboardKeyCode: 0
        _modifierKey1: 0
        _modifierKey2: 0
        _modifierKey3: 0
    - id: 3
      categoryId: 0
      layoutId: 0
      name: 
      hardwareGuidString: 7e615592-9d24-4aa0-b12d-a854a726f37c
      customControllerUid: 0
      actionElementMaps:
      - _actionCategoryId: 0
        _actionId: 4
        _elementType: 0
        _elementIdentifierId: 0
        _axisRange: 0
        _invert: 0
        _axisContribution: 0
        _keyboardKeyCode: 0
        _modifierKey1: 0
        _modifierKey2: 0
        _modifierKey3: 0
      - _actionCategoryId: 0
        _actionId: 5
        _elementType: 0
        _elementIdentifierId: 1
        _axisRange: 0
        _invert: 0
        _axisContribution: 0
        _keyboardKeyCode: 0
        _modifierKey1: 0
        _modifierKey2: 0
        _modifierKey3: 0
      - _actionCategoryId: 0
        _actionId: -1
        _elementType: 0
        _elementIdentifierId: 2
        _axisRange: 0
        _invert: 0
        _axisContribution: 0
        _keyboardKeyCode: 0
        _modifierKey1: 0
        _modifierKey2: 0
        _modifierKey3: 0
      - _actionCategoryId: 0
        _actionId: -1
        _elementType: 0
        _elementIdentifierId: 3
        _axisRange: 0
        _invert: 0
        _axisContribution: 0
        _keyboardKeyCode: 0
        _modifierKey1: 0
        _modifierKey2: 0
        _modifierKey3: 0
      - _actionCategoryId: 0
        _actionId: -1
        _elementType: 0
        _elementIdentifierId: 4
        _axisRange: 0
        _invert: 0
        _axisContribution: 0
        _keyboardKeyCode: 0
        _modifierKey1: 0
        _modifierKey2: 0
        _modifierKey3: 0
      - _actionCategoryId: 0
        _actionId: -1
        _elementType: 0
        _elementIdentifierId: 5
        _axisRange: 0
        _invert: 0
        _axisContribution: 0
        _keyboardKeyCode: 0
        _modifierKey1: 0
        _modifierKey2: 0
        _modifierKey3: 0
      - _actionCategoryId: 0
        _actionId: 0
        _elementType: 1
        _elementIdentifierId: 6
        _axisRange: 0
        _invert: 0
        _axisContribution: 0
        _keyboardKeyCode: 0
        _modifierKey1: 0
        _modifierKey2: 0
        _modifierKey3: 0
      - _actionCategoryId: 0
        _actionId: 2
        _elementType: 1
        _elementIdentifierId: 7
        _axisRange: 0
        _invert: 0
        _axisContribution: 0
        _keyboardKeyCode: 0
        _modifierKey1: 0
        _modifierKey2: 0
        _modifierKey3: 0
      - _actionCategoryId: 0
        _actionId: 1
        _elementType: 1
        _elementIdentifierId: 8
        _axisRange: 0
        _invert: 0
        _axisContribution: 0
        _keyboardKeyCode: 0
        _modifierKey1: 0
        _modifierKey2: 0
        _modifierKey3: 0
      - _actionCategoryId: 0
        _actionId: 3
        _elementType: 1
        _elementIdentifierId: 9
        _axisRange: 0
        _invert: 0
        _axisContribution: 0
        _keyboardKeyCode: 0
        _modifierKey1: 0
        _modifierKey2: 0
        _modifierKey3: 0
      - _actionCategoryId: 0
        _actionId: -1
        _elementType: 1
        _elementIdentifierId: 10
        _axisRange: 0
        _invert: 0
        _axisContribution: 0
        _keyboardKeyCode: 0
        _modifierKey1: 0
        _modifierKey2: 0
        _modifierKey3: 0
      - _actionCategoryId: 0
        _actionId: -1
        _elementType: 1
        _elementIdentifierId: 11
        _axisRange: 0
        _invert: 0
        _axisContribution: 0
        _keyboardKeyCode: 0
        _modifierKey1: 0
        _modifierKey2: 0
        _modifierKey3: 0
      - _actionCategoryId: 0
        _actionId: -1
        _elementType: 1
        _elementIdentifierId: 12
        _axisRange: 0
        _invert: 0
        _axisContribution: 0
        _keyboardKeyCode: 0
        _modifierKey1: 0
        _modifierKey2: 0
        _modifierKey3: 0
      - _actionCategoryId: 0
        _actionId: -1
        _elementType: 1
        _elementIdentifierId: 13
        _axisRange: 0
        _invert: 0
        _axisContribution: 0
        _keyboardKeyCode: 0
        _modifierKey1: 0
        _modifierKey2: 0
        _modifierKey3: 0
      - _actionCategoryId: 0
        _actionId: -1
        _elementType: 1
        _elementIdentifierId: 14
        _axisRange: 0
        _invert: 0
        _axisContribution: 0
        _keyboardKeyCode: 0
        _modifierKey1: 0
        _modifierKey2: 0
        _modifierKey3: 0
      - _actionCategoryId: 0
        _actionId: -1
        _elementType: 1
        _elementIdentifierId: 15
        _axisRange: 0
        _invert: 0
        _axisContribution: 0
        _keyboardKeyCode: 0
        _modifierKey1: 0
        _modifierKey2: 0
        _modifierKey3: 0
      - _actionCategoryId: 0
        _actionId: -1
        _elementType: 1
        _elementIdentifierId: 16
        _axisRange: 0
        _invert: 0
        _axisContribution: 0
        _keyboardKeyCode: 0
        _modifierKey1: 0
        _modifierKey2: 0
        _modifierKey3: 0
      - _actionCategoryId: 0
        _actionId: -1
        _elementType: 1
        _elementIdentifierId: 17
        _axisRange: 0
        _invert: 0
        _axisContribution: 0
        _keyboardKeyCode: 0
        _modifierKey1: 0
        _modifierKey2: 0
        _modifierKey3: 0
      - _actionCategoryId: 0
        _actionId: -1
        _elementType: 1
        _elementIdentifierId: 18
        _axisRange: 0
        _invert: 0
        _axisContribution: 0
        _keyboardKeyCode: 0
        _modifierKey1: 0
        _modifierKey2: 0
        _modifierKey3: 0
      - _actionCategoryId: 0
        _actionId: -1
        _elementType: 1
        _elementIdentifierId: 19
        _axisRange: 0
        _invert: 0
        _axisContribution: 0
        _keyboardKeyCode: 0
        _modifierKey1: 0
        _modifierKey2: 0
        _modifierKey3: 0
    keyboardMaps:
    - id: 0
      categoryId: 0
      layoutId: 0
      name: 
      hardwareGuidString: 
      customControllerUid: 0
      actionElementMaps:
      - _actionCategoryId: 0
        _actionId: 5
        _elementType: 1
        _elementIdentifierId: -1
        _axisRange: 0
        _invert: 0
        _axisContribution: 0
        _keyboardKeyCode: 264
        _modifierKey1: 0
        _modifierKey2: 0
        _modifierKey3: 0
      - _actionCategoryId: 0
        _actionId: 5
        _elementType: 1
        _elementIdentifierId: -1
        _axisRange: 0
        _invert: 0
        _axisContribution: 1
        _keyboardKeyCode: 261
        _modifierKey1: 0
        _modifierKey2: 0
        _modifierKey3: 0
      - _actionCategoryId: 0
        _actionId: 4
        _elementType: 1
        _elementIdentifierId: -1
        _axisRange: 0
        _invert: 0
        _axisContribution: 1
        _keyboardKeyCode: 260
        _modifierKey1: 0
        _modifierKey2: 0
        _modifierKey3: 0
      - _actionCategoryId: 0
        _actionId: 4
        _elementType: 1
        _elementIdentifierId: -1
        _axisRange: 0
        _invert: 0
        _axisContribution: 0
        _keyboardKeyCode: 262
        _modifierKey1: 0
        _modifierKey2: 0
        _modifierKey3: 0
      - _actionCategoryId: 0
        _actionId: 0
        _elementType: 1
        _elementIdentifierId: -1
        _axisRange: 0
        _invert: 0
        _axisContribution: 0
        _keyboardKeyCode: 263
        _modifierKey1: 0
        _modifierKey2: 0
        _modifierKey3: 0
      - _actionCategoryId: 0
        _actionId: 1
        _elementType: 1
        _elementIdentifierId: -1
        _axisRange: 0
        _invert: 0
        _axisContribution: 0
        _keyboardKeyCode: 265
        _modifierKey1: 0
        _modifierKey2: 0
        _modifierKey3: 0
      - _actionCategoryId: 0
        _actionId: 2
        _elementType: 1
        _elementIdentifierId: -1
        _axisRange: 0
        _invert: 0
        _axisContribution: 0
        _keyboardKeyCode: 257
        _modifierKey1: 0
        _modifierKey2: 0
        _modifierKey3: 0
      - _actionCategoryId: 0
        _actionId: 3
        _elementType: 1
        _elementIdentifierId: -1
        _axisRange: 0
        _invert: 0
        _axisContribution: 0
        _keyboardKeyCode: 259
        _modifierKey1: 0
        _modifierKey2: 0
        _modifierKey3: 0
      - _actionCategoryId: 0
        _actionId: 6
        _elementType: 1
        _elementIdentifierId: -1
        _axisRange: 0
        _invert: 0
        _axisContribution: 0
        _keyboardKeyCode: 99
        _modifierKey1: 1
        _modifierKey2: 0
        _modifierKey3: 0
      - _actionCategoryId: 0
        _actionId: 7
        _elementType: 1
        _elementIdentifierId: -1
        _axisRange: 0
        _invert: 0
        _axisContribution: 0
        _keyboardKeyCode: 27
        _modifierKey1: 0
        _modifierKey2: 0
        _modifierKey3: 0
      - _actionCategoryId: 0
        _actionId: 7
        _elementType: 1
        _elementIdentifierId: -1
        _axisRange: 0
        _invert: 0
        _axisContribution: 0
        _keyboardKeyCode: 8
        _modifierKey1: 0
        _modifierKey2: 0
        _modifierKey3: 0
      - _actionCategoryId: 0
        _actionId: 8
        _elementType: 1
        _elementIdentifierId: -1
        _axisRange: 0
        _invert: 0
        _axisContribution: 0
        _keyboardKeyCode: 112
        _modifierKey1: 1
        _modifierKey2: 0
        _modifierKey3: 0
    - id: 1
      categoryId: 1
      layoutId: 0
      name: 
      hardwareGuidString: 
      customControllerUid: 0
      actionElementMaps:
      - _actionCategoryId: 0
        _actionId: 5
        _elementType: 1
        _elementIdentifierId: -1
        _axisRange: 0
        _invert: 0
        _axisContribution: 0
        _keyboardKeyCode: 105
        _modifierKey1: 0
        _modifierKey2: 0
        _modifierKey3: 0
      - _actionCategoryId: 0
        _actionId: 4
        _elementType: 1
        _elementIdentifierId: -1
        _axisRange: 0
        _invert: 0
        _axisContribution: 1
        _keyboardKeyCode: 106
        _modifierKey1: 0
        _modifierKey2: 0
        _modifierKey3: 0
      - _actionCategoryId: 0
        _actionId: 5
        _elementType: 1
        _elementIdentifierId: -1
        _axisRange: 0
        _invert: 0
        _axisContribution: 1
        _keyboardKeyCode: 107
        _modifierKey1: 0
        _modifierKey2: 0
        _modifierKey3: 0
      - _actionCategoryId: 0
        _actionId: 4
        _elementType: 1
        _elementIdentifierId: -1
        _axisRange: 0
        _invert: 0
        _axisContribution: 0
        _keyboardKeyCode: 108
        _modifierKey1: 0
        _modifierKey2: 0
        _modifierKey3: 0
      - _actionCategoryId: 0
        _actionId: 0
        _elementType: 1
        _elementIdentifierId: -1
        _axisRange: 0
        _invert: 0
        _axisContribution: 0
        _keyboardKeyCode: 56
        _modifierKey1: 0
        _modifierKey2: 0
        _modifierKey3: 0
      - _actionCategoryId: 0
        _actionId: 1
        _elementType: 1
        _elementIdentifierId: -1
        _axisRange: 0
        _invert: 0
        _axisContribution: 0
        _keyboardKeyCode: 57
        _modifierKey1: 0
        _modifierKey2: 0
        _modifierKey3: 0
      - _actionCategoryId: 0
        _actionId: 2
        _elementType: 1
        _elementIdentifierId: -1
        _axisRange: 0
        _invert: 0
        _axisContribution: 0
        _keyboardKeyCode: 48
        _modifierKey1: 0
        _modifierKey2: 0
        _modifierKey3: 0
    - id: 2
      categoryId: 2
      layoutId: 0
      name: 
      hardwareGuidString: 
      customControllerUid: 0
      actionElementMaps:
      - _actionCategoryId: 0
        _actionId: 5
        _elementType: 1
        _elementIdentifierId: -1
        _axisRange: 0
        _invert: 0
        _axisContribution: 0
        _keyboardKeyCode: 101
        _modifierKey1: 0
        _modifierKey2: 0
        _modifierKey3: 0
      - _actionCategoryId: 0
        _actionId: 4
        _elementType: 1
        _elementIdentifierId: -1
        _axisRange: 0
        _invert: 0
        _axisContribution: 1
        _keyboardKeyCode: 115
        _modifierKey1: 0
        _modifierKey2: 0
        _modifierKey3: 0
      - _actionCategoryId: 0
        _actionId: 5
        _elementType: 1
        _elementIdentifierId: -1
        _axisRange: 0
        _invert: 0
        _axisContribution: 1
        _keyboardKeyCode: 100
        _modifierKey1: 0
        _modifierKey2: 0
        _modifierKey3: 0
      - _actionCategoryId: 0
        _actionId: 4
        _elementType: 1
        _elementIdentifierId: -1
        _axisRange: 0
        _invert: 0
        _axisContribution: 0
        _keyboardKeyCode: 102
        _modifierKey1: 0
        _modifierKey2: 0
        _modifierKey3: 0
      - _actionCategoryId: 0
        _actionId: 0
        _elementType: 1
        _elementIdentifierId: -1
        _axisRange: 0
        _invert: 0
        _axisContribution: 0
        _keyboardKeyCode: 114
        _modifierKey1: 0
        _modifierKey2: 0
        _modifierKey3: 0
      - _actionCategoryId: 0
        _actionId: 1
        _elementType: 1
        _elementIdentifierId: -1
        _axisRange: 0
        _invert: 0
        _axisContribution: 0
        _keyboardKeyCode: 9
        _modifierKey1: 0
        _modifierKey2: 0
        _modifierKey3: 0
      - _actionCategoryId: 0
        _actionId: 2
        _elementType: 1
        _elementIdentifierId: -1
        _axisRange: 0
        _invert: 0
        _axisContribution: 0
        _keyboardKeyCode: 32
        _modifierKey1: 0
        _modifierKey2: 0
        _modifierKey3: 0
    mouseMaps: []
    customControllerMaps: []
    customControllers: []
    playerIdCounter: 3
    actionIdCounter: 9
    actionCategoryIdCounter: 1
    inputBehaviorIdCounter: 1
    mapCategoryIdCounter: 3
    joystickLayoutIdCounter: 1
    keyboardLayoutIdCounter: 1
    mouseLayoutIdCounter: 1
    customControllerLayoutIdCounter: 1
    joystickMapIdCounter: 4
    keyboardMapIdCounter: 3
    mouseMapIdCounter: 0
    customControllerMapIdCounter: 0
    customControllerIdCounter: 0
  _controllerDataFiles: {fileID: 11400000, guid: d21d2b20df8369642b76aafbb2576ba7,
    type: 2}
--- !u!4 &1882316183
Transform:
  m_ObjectHideFlags: 0
  m_PrefabParentObject: {fileID: 0}
  m_PrefabInternal: {fileID: 0}
  m_GameObject: {fileID: 1882316180}
  m_LocalRotation: {x: 0, y: 0, z: 0, w: 1}
  m_LocalPosition: {x: 0, y: 0, z: 0}
  m_LocalScale: {x: 1, y: 1, z: 1}
  m_Children: []
  m_Father: {fileID: 0}
  m_RootOrder: 0
  m_LocalEulerAnglesHint: {x: 0, y: 0, z: 0}
--- !u!1 &2002062269
GameObject:
  m_ObjectHideFlags: 0
  m_PrefabParentObject: {fileID: 0}
  m_PrefabInternal: {fileID: 0}
  serializedVersion: 5
  m_Component:
  - component: {fileID: 2002062270}
  - component: {fileID: 2002062273}
  - component: {fileID: 2002062272}
  - component: {fileID: 2002062271}
  m_Layer: 0
  m_Name: Cube (2)
  m_TagString: Untagged
  m_Icon: {fileID: 0}
  m_NavMeshLayer: 0
  m_StaticEditorFlags: 0
  m_IsActive: 1
--- !u!4 &2002062270
Transform:
  m_ObjectHideFlags: 0
  m_PrefabParentObject: {fileID: 0}
  m_PrefabInternal: {fileID: 0}
  m_GameObject: {fileID: 2002062269}
  m_LocalRotation: {x: -0, y: 0.7071038, z: -0, w: 0.7071098}
  m_LocalPosition: {x: -9.32, y: 0, z: -0.26}
  m_LocalScale: {x: 11.023353, y: 4.088775, z: 1.0000005}
  m_Children: []
  m_Father: {fileID: 1287519477}
  m_RootOrder: 2
  m_LocalEulerAnglesHint: {x: 0, y: 90.00001, z: 0}
--- !u!23 &2002062271
MeshRenderer:
  m_ObjectHideFlags: 0
  m_PrefabParentObject: {fileID: 0}
  m_PrefabInternal: {fileID: 0}
  m_GameObject: {fileID: 2002062269}
  m_Enabled: 1
  m_CastShadows: 1
  m_ReceiveShadows: 1
  m_DynamicOccludee: 1
  m_MotionVectors: 1
  m_LightProbeUsage: 1
  m_ReflectionProbeUsage: 1
  m_Materials:
  - {fileID: 2100000, guid: 2056922b8183b774d83b26743eb7fab3, type: 2}
  m_StaticBatchInfo:
    firstSubMesh: 0
    subMeshCount: 0
  m_StaticBatchRoot: {fileID: 0}
  m_ProbeAnchor: {fileID: 0}
  m_LightProbeVolumeOverride: {fileID: 0}
  m_ScaleInLightmap: 1
  m_PreserveUVs: 1
  m_IgnoreNormalsForChartDetection: 0
  m_ImportantGI: 0
  m_StitchLightmapSeams: 0
  m_SelectedEditorRenderState: 3
  m_MinimumChartSize: 4
  m_AutoUVMaxDistance: 0.5
  m_AutoUVMaxAngle: 89
  m_LightmapParameters: {fileID: 0}
  m_SortingLayerID: 0
  m_SortingLayer: 0
  m_SortingOrder: 0
--- !u!65 &2002062272
BoxCollider:
  m_ObjectHideFlags: 0
  m_PrefabParentObject: {fileID: 0}
  m_PrefabInternal: {fileID: 0}
  m_GameObject: {fileID: 2002062269}
  m_Material: {fileID: 0}
  m_IsTrigger: 0
  m_Enabled: 1
  serializedVersion: 2
  m_Size: {x: 1, y: 1, z: 1}
  m_Center: {x: 0, y: 0, z: 0}
--- !u!33 &2002062273
MeshFilter:
  m_ObjectHideFlags: 0
  m_PrefabParentObject: {fileID: 0}
  m_PrefabInternal: {fileID: 0}
  m_GameObject: {fileID: 2002062269}
  m_Mesh: {fileID: 10202, guid: 0000000000000000e000000000000000, type: 0}
--- !u!1 &2109471860
GameObject:
  m_ObjectHideFlags: 0
  m_PrefabParentObject: {fileID: 0}
  m_PrefabInternal: {fileID: 0}
  serializedVersion: 5
  m_Component:
  - component: {fileID: 2109471862}
  - component: {fileID: 2109471861}
  m_Layer: 0
  m_Name: Directional Light
  m_TagString: Untagged
  m_Icon: {fileID: 0}
  m_NavMeshLayer: 0
  m_StaticEditorFlags: 0
  m_IsActive: 1
--- !u!108 &2109471861
Light:
  m_ObjectHideFlags: 0
  m_PrefabParentObject: {fileID: 0}
  m_PrefabInternal: {fileID: 0}
  m_GameObject: {fileID: 2109471860}
  m_Enabled: 1
  serializedVersion: 8
  m_Type: 1
  m_Color: {r: 1, g: 0.95686275, b: 0.8392157, a: 1}
  m_Intensity: 1
  m_Range: 10
  m_SpotAngle: 30
  m_CookieSize: 10
  m_Shadows:
    m_Type: 2
    m_Resolution: -1
    m_CustomResolution: -1
    m_Strength: 1
    m_Bias: 0.05
    m_NormalBias: 0.4
    m_NearPlane: 0.2
  m_Cookie: {fileID: 0}
  m_DrawHalo: 0
  m_Flare: {fileID: 0}
  m_RenderMode: 0
  m_CullingMask:
    serializedVersion: 2
    m_Bits: 4294967295
  m_Lightmapping: 4
  m_AreaSize: {x: 1, y: 1}
  m_BounceIntensity: 1
  m_ColorTemperature: 6570
  m_UseColorTemperature: 0
  m_ShadowRadius: 0
  m_ShadowAngle: 0
--- !u!4 &2109471862
Transform:
  m_ObjectHideFlags: 0
  m_PrefabParentObject: {fileID: 0}
  m_PrefabInternal: {fileID: 0}
  m_GameObject: {fileID: 2109471860}
  m_LocalRotation: {x: 0.40821788, y: -0.23456968, z: 0.10938163, w: 0.8754261}
  m_LocalPosition: {x: 0, y: 3, z: 0}
  m_LocalScale: {x: 1, y: 1, z: 1}
  m_Children: []
  m_Father: {fileID: 0}
  m_RootOrder: 6
  m_LocalEulerAnglesHint: {x: 50, y: -30, z: 0}
--- !u!1001 &2113258482
Prefab:
  m_ObjectHideFlags: 0
  serializedVersion: 2
  m_Modification:
    m_TransformParent: {fileID: 0}
    m_Modifications:
    - target: {fileID: 4896812468529018, guid: 316b937beac40764f9862a793e1d0cbe, type: 2}
      propertyPath: m_LocalPosition.x
      value: -7.14
      objectReference: {fileID: 0}
    - target: {fileID: 4896812468529018, guid: 316b937beac40764f9862a793e1d0cbe, type: 2}
      propertyPath: m_LocalPosition.y
      value: 1.16
      objectReference: {fileID: 0}
    - target: {fileID: 4896812468529018, guid: 316b937beac40764f9862a793e1d0cbe, type: 2}
      propertyPath: m_LocalPosition.z
      value: -0.74150133
      objectReference: {fileID: 0}
    - target: {fileID: 4896812468529018, guid: 316b937beac40764f9862a793e1d0cbe, type: 2}
      propertyPath: m_LocalRotation.x
      value: 0
      objectReference: {fileID: 0}
    - target: {fileID: 4896812468529018, guid: 316b937beac40764f9862a793e1d0cbe, type: 2}
      propertyPath: m_LocalRotation.y
      value: 0
      objectReference: {fileID: 0}
    - target: {fileID: 4896812468529018, guid: 316b937beac40764f9862a793e1d0cbe, type: 2}
      propertyPath: m_LocalRotation.z
      value: 0
      objectReference: {fileID: 0}
    - target: {fileID: 4896812468529018, guid: 316b937beac40764f9862a793e1d0cbe, type: 2}
      propertyPath: m_LocalRotation.w
      value: 1
      objectReference: {fileID: 0}
    - target: {fileID: 4896812468529018, guid: 316b937beac40764f9862a793e1d0cbe, type: 2}
      propertyPath: m_RootOrder
      value: 11
      objectReference: {fileID: 0}
    - target: {fileID: 1029173678196118, guid: 316b937beac40764f9862a793e1d0cbe, type: 2}
      propertyPath: m_Name
      value: PlayerRootBlack
      objectReference: {fileID: 0}
    - target: {fileID: 114964477954198208, guid: 316b937beac40764f9862a793e1d0cbe,
        type: 2}
      propertyPath: _forceSpeed
      value: 5
      objectReference: {fileID: 0}
    - target: {fileID: 114964477954198208, guid: 316b937beac40764f9862a793e1d0cbe,
        type: 2}
      propertyPath: _forceModeUsed
      value: 1
      objectReference: {fileID: 0}
    m_RemovedComponents:
    - {fileID: 95481031130444364, guid: 316b937beac40764f9862a793e1d0cbe, type: 2}
  m_ParentPrefab: {fileID: 100100000, guid: 316b937beac40764f9862a793e1d0cbe, type: 2}
  m_IsPrefabParent: 0
--- !u!1 &2117098253 stripped
GameObject:
  m_PrefabParentObject: {fileID: 1102659687312048, guid: 316b937beac40764f9862a793e1d0cbe,
    type: 2}
  m_PrefabInternal: {fileID: 2113258482}
--- !u!95 &2117098255
Animator:
  serializedVersion: 3
  m_ObjectHideFlags: 0
  m_PrefabParentObject: {fileID: 0}
  m_PrefabInternal: {fileID: 0}
  m_GameObject: {fileID: 2117098253}
  m_Enabled: 1
  m_Avatar: {fileID: 0}
  m_Controller: {fileID: 9100000, guid: 8afbc62335d545347afc23fd9872eae3, type: 2}
  m_CullingMode: 0
  m_UpdateMode: 0
  m_ApplyRootMotion: 0
  m_LinearVelocityBlending: 0
  m_WarningMessage: 
  m_HasTransformHierarchy: 1
  m_AllowConstantClipSamplingOptimization: 1
